[{"artist":"AC/DC","title":"Back In Black","song_sales":1563.0,"airplay_rank":425.0,"song_project_rank":708.0,"ov_streams_rank":767.0,"song_project":5048.0,"keen":{"timestamp":"November, 03 2017 00:00:00"},"oa_streams_rank":0.0,"shazam_tags":702.0,"disp_date":"11/03/2017","currentRow":1.0,"ov_streams":532454.0,"shazam_tags_rank":1662.0,"p_streams_rank":0.0,"airplay":1331.0,"oa_streams":522818.0,"song_sales_rank":356.0},{"artist":"AC/DC","title":"Back In Black","song_sales":1687.0,"airplay_rank":423.0,"song_project_rank":733.0,"ov_streams_rank":761.0,"song_project":7243.0,"keen":{"timestamp":"October, 27 2017 00:00:00"},"oa_streams_rank":908.0,"shazam_tags":1144.0,"disp_date":"10/27/2017","currentRow":2.0,"ov_streams":592285.0,"shazam_tags_rank":1830.0,"p_streams_rank":0.0,"airplay":1164.0,"oa_streams":833437.0,"song_sales_rank":331.0},{"artist":"AC/DC","title":"Back In Black","song_sales":1788.0,"airplay_rank":423.0,"song_project_rank":720.0,"ov_streams_rank":649.0,"song_project":7458.0,"keen":{"timestamp":"October, 20 2017 00:00:00"},"oa_streams_rank":899.0,"shazam_tags":1422.0,"disp_date":"10/20/2017","currentRow":3.0,"ov_streams":667549.0,"shazam_tags_rank":1737.0,"p_streams_rank":0.0,"airplay":1346.0,"oa_streams":850447.0,"song_sales_rank":333.0},{"artist":"AC/DC","title":"Back In Black","song_sales":1875.0,"airplay_rank":413.0,"song_project_rank":697.0,"ov_streams_rank":641.0,"song_project":7595.0,"keen":{"timestamp":"October, 13 2017 00:00:00"},"oa_streams_rank":871.0,"shazam_tags":1431.0,"disp_date":"10/13/2017","currentRow":4.0,"ov_streams":668058.0,"shazam_tags_rank":1707.0,"p_streams_rank":0.0,"airplay":1334.0,"oa_streams":857964.0,"song_sales_rank":321.0},{"artist":"AC/DC","title":"Back In Black","song_sales":1882.0,"airplay_rank":419.0,"song_project_rank":719.0,"ov_streams_rank":638.0,"song_project":7541.0,"keen":{"timestamp":"October, 06 2017 00:00:00"},"oa_streams_rank":896.0,"shazam_tags":1330.0,"disp_date":"10/06/2017","currentRow":5.0,"ov_streams":662706.0,"shazam_tags_rank":1878.0,"p_streams_rank":0.0,"airplay":1314.0,"oa_streams":848810.0,"song_sales_rank":341.0},{"artist":"AC/DC","title":"Back In Black","song_sales":1973.0,"airplay_rank":449.0,"song_project_rank":710.0,"ov_streams_rank":633.0,"song_project":7722.0,"keen":{"timestamp":"September, 29 2017 00:00:00"},"oa_streams_rank":908.0,"shazam_tags":1411.0,"disp_date":"09/29/2017","currentRow":6.0,"ov_streams":646191.0,"shazam_tags_rank":1754.0,"p_streams_rank":0.0,"airplay":1250.0,"oa_streams":862336.0,"song_sales_rank":321.0},{"artist":"AC/DC","title":"Back In Black","song_sales":2115.0,"airplay_rank":421.0,"song_project_rank":682.0,"ov_streams_rank":565.0,"song_project":7811.0,"keen":{"timestamp":"September, 22 2017 00:00:00"},"oa_streams_rank":901.0,"shazam_tags":1305.0,"disp_date":"09/22/2017","currentRow":7.0,"ov_streams":674493.0,"shazam_tags_rank":1868.0,"p_streams_rank":0.0,"airplay":1279.0,"oa_streams":854402.0,"song_sales_rank":288.0},{"artist":"AC/DC","title":"Back In Black","song_sales":2257.0,"airplay_rank":420.0,"song_project_rank":648.0,"ov_streams_rank":579.0,"song_project":7823.0,"keen":{"timestamp":"September, 15 2017 00:00:00"},"oa_streams_rank":888.0,"shazam_tags":1357.0,"disp_date":"09/15/2017","currentRow":8.0,"ov_streams":676832.0,"shazam_tags_rank":1854.0,"p_streams_rank":0.0,"airplay":1267.0,"oa_streams":834965.0,"song_sales_rank":266.0},{"artist":"AC/DC","title":"Back In Black","song_sales":2097.0,"airplay_rank":398.0,"song_project_rank":670.0,"ov_streams_rank":566.0,"song_project":7414.0,"keen":{"timestamp":"September, 08 2017 00:00:00"},"oa_streams_rank":909.0,"shazam_tags":643.0,"disp_date":"09/08/2017","currentRow":9.0,"ov_streams":680300.0,"shazam_tags_rank":1827.0,"p_streams_rank":0.0,"airplay":1301.0,"oa_streams":797586.0,"song_sales_rank":310.0},{"artist":"AC/DC","title":"Back In Black","song_sales":2424.0,"airplay_rank":427.0,"song_project_rank":634.0,"ov_streams_rank":493.0,"song_project":7973.0,"keen":{"timestamp":"September, 01 2017 00:00:00"},"oa_streams_rank":899.0,"shazam_tags":641.0,"disp_date":"09/01/2017","currentRow":10.0,"ov_streams":755210.0,"shazam_tags_rank":1990.0,"p_streams_rank":0.0,"airplay":1243.0,"oa_streams":832284.0,"song_sales_rank":274.0},{"artist":"AC/DC","title":"Back In Black","song_sales":2180.0,"airplay_rank":391.0,"song_project_rank":706.0,"ov_streams_rank":483.0,"song_project":7510.0,"keen":{"timestamp":"August, 25 2017 00:00:00"},"oa_streams_rank":955.0,"shazam_tags":598.0,"disp_date":"08/25/2017","currentRow":11.0,"ov_streams":751665.0,"shazam_tags_rank":2145.0,"p_streams_rank":0.0,"airplay":1327.0,"oa_streams":799521.0,"song_sales_rank":344.0},{"artist":"AC/DC","title":"Back In Black","song_sales":2361.0,"airplay_rank":414.0,"song_project_rank":650.0,"ov_streams_rank":507.0,"song_project":7824.0,"keen":{"timestamp":"August, 18 2017 00:00:00"},"oa_streams_rank":896.0,"shazam_tags":649.0,"disp_date":"08/18/2017","currentRow":12.0,"ov_streams":734376.0,"shazam_tags_rank":2009.0,"p_streams_rank":0.0,"airplay":1283.0,"oa_streams":819379.0,"song_sales_rank":300.0},{"artist":"AC/DC","title":"Back In Black","song_sales":2278.0,"airplay_rank":383.0,"song_project_rank":635.0,"ov_streams_rank":473.0,"song_project":7756.0,"keen":{"timestamp":"August, 11 2017 00:00:00"},"oa_streams_rank":889.0,"shazam_tags":749.0,"disp_date":"08/11/2017","currentRow":13.0,"ov_streams":727020.0,"shazam_tags_rank":1619.0,"p_streams_rank":0.0,"airplay":1340.0,"oa_streams":821694.0,"song_sales_rank":322.0},{"artist":"AC/DC","title":"Back In Black","song_sales":2449.0,"airplay_rank":393.0,"song_project_rank":626.0,"ov_streams_rank":477.0,"song_project":8053.0,"keen":{"timestamp":"August, 04 2017 00:00:00"},"oa_streams_rank":870.0,"shazam_tags":777.0,"disp_date":"08/04/2017","currentRow":14.0,"ov_streams":743166.0,"shazam_tags_rank":1612.0,"p_streams_rank":0.0,"airplay":1322.0,"oa_streams":840533.0,"song_sales_rank":303.0},{"artist":"AC/DC","title":"Back In Black","song_sales":2360.0,"airplay_rank":387.0,"song_project_rank":638.0,"ov_streams_rank":495.0,"song_project":7801.0,"keen":{"timestamp":"July, 28 2017 00:00:00"},"oa_streams_rank":869.0,"shazam_tags":741.0,"disp_date":"07/28/2017","currentRow":15.0,"ov_streams":722930.0,"shazam_tags_rank":1749.0,"p_streams_rank":0.0,"airplay":1350.0,"oa_streams":816173.0,"song_sales_rank":310.0},{"artist":"AC/DC","title":"Back In Black","song_sales":2539.0,"airplay_rank":366.0,"song_project_rank":665.0,"ov_streams_rank":503.0,"song_project":7915.0,"keen":{"timestamp":"July, 21 2017 00:00:00"},"oa_streams_rank":906.0,"shazam_tags":708.0,"disp_date":"07/21/2017","currentRow":16.0,"ov_streams":718531.0,"shazam_tags_rank":1858.0,"p_streams_rank":0.0,"airplay":1391.0,"oa_streams":806371.0,"song_sales_rank":305.0},{"artist":"AC/DC","title":"Back In Black","song_sales":2652.0,"airplay_rank":426.0,"song_project_rank":589.0,"ov_streams_rank":453.0,"song_project":8068.0,"keen":{"timestamp":"July, 14 2017 00:00:00"},"oa_streams_rank":859.0,"shazam_tags":697.0,"disp_date":"07/14/2017","currentRow":17.0,"ov_streams":758442.0,"shazam_tags_rank":1902.0,"p_streams_rank":0.0,"airplay":1264.0,"oa_streams":812326.0,"song_sales_rank":282.0},{"artist":"AC/DC","title":"Back In Black","song_sales":2675.0,"airplay_rank":415.0,"song_project_rank":587.0,"ov_streams_rank":530.0,"song_project":8064.0,"keen":{"timestamp":"July, 07 2017 00:00:00"},"oa_streams_rank":858.0,"shazam_tags":763.0,"disp_date":"07/07/2017","currentRow":18.0,"ov_streams":677570.0,"shazam_tags_rank":1655.0,"p_streams_rank":0.0,"airplay":1291.0,"oa_streams":808372.0,"song_sales_rank":295.0},{"artist":"AC/DC","title":"Back In Black","song_sales":2970.0,"airplay_rank":412.0,"song_project_rank":548.0,"ov_streams_rank":502.0,"song_project":8511.0,"keen":{"timestamp":"June, 30 2017 00:00:00"},"oa_streams_rank":842.0,"shazam_tags":747.0,"disp_date":"06/30/2017","currentRow":19.0,"ov_streams":686479.0,"shazam_tags_rank":1815.0,"p_streams_rank":0.0,"airplay":1304.0,"oa_streams":831224.0,"song_sales_rank":261.0},{"artist":"AC/DC","title":"Back In Black","song_sales":2774.0,"airplay_rank":397.0,"song_project_rank":657.0,"ov_streams_rank":533.0,"song_project":7909.0,"keen":{"timestamp":"June, 23 2017 00:00:00"},"oa_streams_rank":940.0,"shazam_tags":785.0,"disp_date":"06/23/2017","currentRow":20.0,"ov_streams":665654.0,"shazam_tags_rank":1627.0,"p_streams_rank":0.0,"airplay":1332.0,"oa_streams":770234.0,"song_sales_rank":302.0},{"artist":"AC/DC","title":"Back In Black","song_sales":2676.0,"airplay_rank":432.0,"song_project_rank":669.0,"ov_streams_rank":527.0,"song_project":7937.0,"keen":{"timestamp":"June, 16 2017 00:00:00"},"oa_streams_rank":938.0,"shazam_tags":704.0,"disp_date":"06/16/2017","currentRow":21.0,"ov_streams":654967.0,"shazam_tags_rank":1918.0,"p_streams_rank":0.0,"airplay":1248.0,"oa_streams":789110.0,"song_sales_rank":320.0},{"artist":"AC/DC","title":"Back In Black","song_sales":2571.0,"airplay_rank":425.0,"song_project_rank":649.0,"ov_streams_rank":491.0,"song_project":7922.0,"keen":{"timestamp":"June, 09 2017 00:00:00"},"oa_streams_rank":919.0,"shazam_tags":725.0,"disp_date":"06/09/2017","currentRow":22.0,"ov_streams":674686.0,"shazam_tags_rank":1786.0,"p_streams_rank":0.0,"airplay":1259.0,"oa_streams":802626.0,"song_sales_rank":323.0},{"artist":"AC/DC","title":"Back In Black","song_sales":2581.0,"airplay_rank":424.0,"song_project_rank":666.0,"ov_streams_rank":475.0,"song_project":7897.0,"keen":{"timestamp":"June, 02 2017 00:00:00"},"oa_streams_rank":921.0,"shazam_tags":724.0,"disp_date":"06/02/2017","currentRow":23.0,"ov_streams":705109.0,"shazam_tags_rank":1802.0,"p_streams_rank":0.0,"airplay":1268.0,"oa_streams":797333.0,"song_sales_rank":339.0},{"artist":"AC/DC","title":"Back In Black","song_sales":2717.0,"airplay_rank":415.0,"song_project_rank":623.0,"ov_streams_rank":481.0,"song_project":8309.0,"keen":{"timestamp":"May, 26 2017 00:00:00"},"oa_streams_rank":867.0,"shazam_tags":802.0,"disp_date":"05/26/2017","currentRow":24.0,"ov_streams":702827.0,"shazam_tags_rank":0.0,"p_streams_rank":0.0,"airplay":1262.0,"oa_streams":838793.0,"song_sales_rank":318.0},{"artist":"AC/DC","title":"Back In Black","song_sales":2654.0,"airplay_rank":410.0,"song_project_rank":688.0,"ov_streams_rank":440.0,"song_project":7934.0,"keen":{"timestamp":"May, 19 2017 00:00:00"},"oa_streams_rank":920.0,"shazam_tags":0.0,"disp_date":"05/19/2017","currentRow":25.0,"ov_streams":743508.0,"shazam_tags_rank":0.0,"p_streams_rank":0.0,"airplay":1283.0,"oa_streams":791931.0,"song_sales_rank":389.0},{"artist":"AC/DC","title":"Back In Black","song_sales":2640.0,"airplay_rank":427.0,"song_project_rank":677.0,"ov_streams_rank":320.0,"song_project":7914.0,"keen":{"timestamp":"May, 12 2017 00:00:00"},"oa_streams_rank":948.0,"shazam_tags":0.0,"disp_date":"05/12/2017","currentRow":26.0,"ov_streams":888510.0,"shazam_tags_rank":0.0,"p_streams_rank":0.0,"airplay":1258.0,"oa_streams":791126.0,"song_sales_rank":351.0},{"artist":"AC/DC","title":"Back In Black","song_sales":2689.0,"airplay_rank":360.0,"song_project_rank":669.0,"ov_streams_rank":435.0,"song_project":7965.0,"keen":{"timestamp":"May, 05 2017 00:00:00"},"oa_streams_rank":952.0,"shazam_tags":0.0,"disp_date":"05/05/2017","currentRow":27.0,"ov_streams":767217.0,"shazam_tags_rank":0.0,"p_streams_rank":0.0,"airplay":1224.0,"oa_streams":791337.0,"song_sales_rank":318.0},{"artist":"AC/DC","title":"Back In Black","song_sales":2856.0,"airplay_rank":414.0,"song_project_rank":642.0,"ov_streams_rank":276.0,"song_project":8046.0,"keen":{"timestamp":"April, 28 2017 00:00:00"},"oa_streams_rank":949.0,"shazam_tags":0.0,"disp_date":"04/28/2017","currentRow":28.0,"ov_streams":996181.0,"shazam_tags_rank":0.0,"p_streams_rank":0.0,"airplay":1282.0,"oa_streams":778432.0,"song_sales_rank":311.0},{"artist":"AC/DC","title":"Back In Black","song_sales":4070.0,"airplay_rank":397.0,"song_project_rank":508.0,"ov_streams_rank":374.0,"song_project":9648.0,"keen":{"timestamp":"April, 21 2017 00:00:00"},"oa_streams_rank":866.0,"shazam_tags":0.0,"disp_date":"04/21/2017","currentRow":29.0,"ov_streams":831394.0,"shazam_tags_rank":0.0,"p_streams_rank":0.0,"airplay":1316.0,"oa_streams":836688.0,"song_sales_rank":199.0},{"artist":"AC/DC","title":"Back In Black","song_sales":5123.0,"airplay_rank":390.0,"song_project_rank":469.0,"ov_streams_rank":463.0,"song_project":10222.0,"keen":{"timestamp":"April, 14 2017 00:00:00"},"oa_streams_rank":933.0,"shazam_tags":0.0,"disp_date":"04/14/2017","currentRow":30.0,"ov_streams":745910.0,"shazam_tags_rank":0.0,"p_streams_rank":0.0,"airplay":1328.0,"oa_streams":764830.0,"song_sales_rank":182.0},{"artist":"AC/DC","title":"Back In Black","song_sales":2591.0,"airplay_rank":391.0,"song_project_rank":724.0,"ov_streams_rank":474.0,"song_project":7575.0,"keen":{"timestamp":"April, 07 2017 00:00:00"},"oa_streams_rank":992.0,"shazam_tags":0.0,"disp_date":"04/07/2017","currentRow":31.0,"ov_streams":737005.0,"shazam_tags_rank":0.0,"p_streams_rank":0.0,"airplay":1331.0,"oa_streams":747604.0,"song_sales_rank":326.0},{"artist":"AC/DC","title":"Back In Black","song_sales":2667.0,"airplay_rank":374.0,"song_project_rank":747.0,"ov_streams_rank":375.0,"song_project":7414.0,"keen":{"timestamp":"March, 31 2017 00:00:00"},"oa_streams_rank":1038.0,"shazam_tags":384.0,"disp_date":"03/31/2017","currentRow":32.0,"ov_streams":863656.0,"shazam_tags_rank":0.0,"p_streams_rank":0.0,"airplay":1382.0,"oa_streams":711983.0,"song_sales_rank":353.0},{"artist":"AC/DC","title":"Back In Black","song_sales":2539.0,"airplay_rank":394.0,"song_project_rank":739.0,"ov_streams_rank":276.0,"song_project":6727.0,"keen":{"timestamp":"March, 24 2017 00:00:00"},"oa_streams_rank":1047.0,"shazam_tags":715.0,"disp_date":"03/24/2017","currentRow":33.0,"ov_streams":1036135.0,"shazam_tags_rank":0.0,"p_streams_rank":0.0,"airplay":1328.0,"oa_streams":628136.0,"song_sales_rank":362.0},{"artist":"AC/DC","title":"Back In Black","song_sales":2572.0,"airplay_rank":367.0,"song_project_rank":732.0,"ov_streams_rank":168.0,"song_project":7112.0,"keen":{"timestamp":"March, 17 2017 00:00:00"},"oa_streams_rank":1020.0,"shazam_tags":0.0,"disp_date":"03/17/2017","currentRow":34.0,"ov_streams":1371810.0,"shazam_tags_rank":0.0,"p_streams_rank":0.0,"airplay":1393.0,"oa_streams":680984.0,"song_sales_rank":364.0},{"artist":"AC/DC","title":"Back In Black","song_sales":2631.0,"airplay_rank":407.0,"song_project_rank":721.0,"ov_streams_rank":530.0,"song_project":7134.0,"keen":{"timestamp":"March, 10 2017 00:00:00"},"oa_streams_rank":1034.0,"shazam_tags":619.0,"disp_date":"03/10/2017","currentRow":35.0,"ov_streams":679621.0,"shazam_tags_rank":0.0,"p_streams_rank":0.0,"airplay":1289.0,"oa_streams":675507.0,"song_sales_rank":334.0},{"artist":"AC/DC","title":"Back In Black","song_sales":2692.0,"airplay_rank":415.0,"song_project_rank":727.0,"ov_streams_rank":552.0,"song_project":7143.0,"keen":{"timestamp":"March, 03 2017 00:00:00"},"oa_streams_rank":1025.0,"shazam_tags":0.0,"disp_date":"03/03/2017","currentRow":36.0,"ov_streams":657446.0,"shazam_tags_rank":0.0,"p_streams_rank":0.0,"airplay":1295.0,"oa_streams":667647.0,"song_sales_rank":352.0},{"artist":"AC/DC","title":"Back In Black","song_sales":2797.0,"airplay_rank":383.0,"song_project_rank":719.0,"ov_streams_rank":572.0,"song_project":7192.0,"keen":{"timestamp":"February, 24 2017 00:00:00"},"oa_streams_rank":1042.0,"shazam_tags":0.0,"disp_date":"02/24/2017","currentRow":37.0,"ov_streams":624758.0,"shazam_tags_rank":0.0,"p_streams_rank":0.0,"airplay":1342.0,"oa_streams":659304.0,"song_sales_rank":352.0},{"artist":"AC/DC","title":"Back In Black","song_sales":2678.0,"airplay_rank":364.0,"song_project_rank":702.0,"ov_streams_rank":584.0,"song_project":7133.0,"keen":{"timestamp":"February, 17 2017 00:00:00"},"oa_streams_rank":1012.0,"shazam_tags":101.0,"disp_date":"02/17/2017","currentRow":38.0,"ov_streams":626765.0,"shazam_tags_rank":0.0,"p_streams_rank":0.0,"airplay":1374.0,"oa_streams":668315.0,"song_sales_rank":342.0},{"artist":"AC/DC","title":"Back In Black","song_sales":2705.0,"airplay_rank":425.0,"song_project_rank":721.0,"ov_streams_rank":578.0,"song_project":7069.0,"keen":{"timestamp":"February, 10 2017 00:00:00"},"oa_streams_rank":1041.0,"shazam_tags":623.0,"disp_date":"02/10/2017","currentRow":39.0,"ov_streams":620122.0,"shazam_tags_rank":0.0,"p_streams_rank":0.0,"airplay":1257.0,"oa_streams":654638.0,"song_sales_rank":400.0},{"artist":"AC/DC","title":"Back In Black","song_sales":2555.0,"airplay_rank":395.0,"song_project_rank":709.0,"ov_streams_rank":548.0,"song_project":6892.0,"keen":{"timestamp":"February, 03 2017 00:00:00"},"oa_streams_rank":1011.0,"shazam_tags":0.0,"disp_date":"02/03/2017","currentRow":40.0,"ov_streams":635097.0,"shazam_tags_rank":0.0,"p_streams_rank":0.0,"airplay":1311.0,"oa_streams":650595.0,"song_sales_rank":347.0},{"artist":"AC/DC","title":"Back In Black","song_sales":2493.0,"airplay_rank":403.0,"song_project_rank":714.0,"ov_streams_rank":522.0,"song_project":6740.0,"keen":{"timestamp":"January, 27 2017 00:00:00"},"oa_streams_rank":1010.0,"shazam_tags":0.0,"disp_date":"01/27/2017","currentRow":41.0,"ov_streams":638290.0,"shazam_tags_rank":0.0,"p_streams_rank":0.0,"airplay":1312.0,"oa_streams":637103.0,"song_sales_rank":362.0},{"artist":"AC/DC","title":"Back In Black","song_sales":2664.0,"airplay_rank":406.0,"song_project_rank":664.0,"ov_streams_rank":509.0,"song_project":6707.0,"keen":{"timestamp":"January, 20 2017 00:00:00"},"oa_streams_rank":1003.0,"shazam_tags":0.0,"disp_date":"01/20/2017","currentRow":42.0,"ov_streams":640017.0,"shazam_tags_rank":0.0,"p_streams_rank":0.0,"airplay":1289.0,"oa_streams":606421.0,"song_sales_rank":314.0},{"artist":"AC/DC","title":"Back In Black","song_sales":2933.0,"airplay_rank":386.0,"song_project_rank":653.0,"ov_streams_rank":561.0,"song_project":7003.0,"keen":{"timestamp":"January, 13 2017 00:00:00"},"oa_streams_rank":1006.0,"shazam_tags":0.0,"disp_date":"01/13/2017","currentRow":43.0,"ov_streams":625345.0,"shazam_tags_rank":0.0,"p_streams_rank":0.0,"airplay":1340.0,"oa_streams":610565.0,"song_sales_rank":316.0},{"artist":"AC/DC","title":"Back In Black","song_sales":2861.0,"airplay_rank":398.0,"song_project_rank":691.0,"ov_streams_rank":606.0,"song_project":6680.0,"keen":{"timestamp":"January, 06 2017 00:00:00"},"oa_streams_rank":1024.0,"shazam_tags":0.0,"disp_date":"01/06/2017","currentRow":44.0,"ov_streams":564329.0,"shazam_tags_rank":0.0,"p_streams_rank":0.0,"airplay":1332.0,"oa_streams":572841.0,"song_sales_rank":348.0},{"artist":"AC/DC","title":"Back In Black","song_sales":3529.0,"airplay_rank":423.0,"song_project_rank":646.0,"ov_streams_rank":643.0,"song_project":7156.0,"keen":{"timestamp":"December, 30 2016 00:00:00"},"oa_streams_rank":1035.0,"shazam_tags":0.0,"disp_date":"12/30/2016","currentRow":45.0,"ov_streams":551950.0,"shazam_tags_rank":0.0,"p_streams_rank":0.0,"airplay":1295.0,"oa_streams":544067.0,"song_sales_rank":349.0},{"artist":"AC/DC","title":"Back In Black","song_sales":5317.0,"airplay_rank":419.0,"song_project_rank":605.0,"ov_streams_rank":828.0,"song_project":8769.0,"keen":{"timestamp":"December, 23 2016 00:00:00"},"oa_streams_rank":1186.0,"shazam_tags":0.0,"disp_date":"12/23/2016","currentRow":46.0,"ov_streams":527369.0,"shazam_tags_rank":0.0,"p_streams_rank":0.0,"airplay":1234.0,"oa_streams":517787.0,"song_sales_rank":357.0},{"artist":"AC/DC","title":"Back In Black","song_sales":2096.0,"airplay_rank":446.0,"song_project_rank":872.0,"ov_streams_rank":812.0,"song_project":5561.0,"keen":{"timestamp":"December, 16 2016 00:00:00"},"oa_streams_rank":1214.0,"shazam_tags":0.0,"disp_date":"12/16/2016","currentRow":47.0,"ov_streams":515889.0,"shazam_tags_rank":0.0,"p_streams_rank":0.0,"airplay":1023.0,"oa_streams":519812.0,"song_sales_rank":458.0},{"artist":"AC/DC","title":"Back In Black","song_sales":1907.0,"airplay_rank":407.0,"song_project_rank":895.0,"ov_streams_rank":748.0,"song_project":5401.0,"keen":{"timestamp":"December, 09 2016 00:00:00"},"oa_streams_rank":1215.0,"shazam_tags":428.0,"disp_date":"12/09/2016","currentRow":48.0,"ov_streams":518963.0,"shazam_tags_rank":0.0,"p_streams_rank":0.0,"airplay":1265.0,"oa_streams":524101.0,"song_sales_rank":509.0},{"artist":"AC/DC","title":"Back In Black","song_sales":1841.0,"airplay_rank":400.0,"song_project_rank":903.0,"ov_streams_rank":719.0,"song_project":5336.0,"keen":{"timestamp":"December, 02 2016 00:00:00"},"oa_streams_rank":1203.0,"shazam_tags":660.0,"disp_date":"12/02/2016","currentRow":49.0,"ov_streams":557555.0,"shazam_tags_rank":0.0,"p_streams_rank":0.0,"airplay":1285.0,"oa_streams":524321.0,"song_sales_rank":520.0},{"artist":"AC/DC","title":"Back In Black","song_sales":1860.0,"airplay_rank":382.0,"song_project_rank":844.0,"ov_streams_rank":689.0,"song_project":5084.0,"keen":{"timestamp":"November, 25 2016 00:00:00"},"oa_streams_rank":1161.0,"shazam_tags":0.0,"disp_date":"11/25/2016","currentRow":50.0,"ov_streams":511189.0,"shazam_tags_rank":0.0,"p_streams_rank":0.0,"airplay":1374.0,"oa_streams":483569.0,"song_sales_rank":470.0},{"artist":"AC/DC","title":"Back In Black","song_sales":2221.0,"airplay_rank":431.0,"song_project_rank":762.0,"ov_streams_rank":666.0,"song_project":5726.0,"keen":{"timestamp":"November, 18 2016 00:00:00"},"oa_streams_rank":1072.0,"shazam_tags":0.0,"disp_date":"11/18/2016","currentRow":51.0,"ov_streams":570812.0,"shazam_tags_rank":0.0,"p_streams_rank":0.0,"airplay":1276.0,"oa_streams":525799.0,"song_sales_rank":425.0},{"artist":"AC/DC","title":"Back In Black","song_sales":2108.0,"airplay_rank":396.0,"song_project_rank":749.0,"ov_streams_rank":613.0,"song_project":5695.0,"keen":{"timestamp":"November, 11 2016 00:00:00"},"oa_streams_rank":1003.0,"shazam_tags":0.0,"disp_date":"11/11/2016","currentRow":52.0,"ov_streams":558303.0,"shazam_tags_rank":0.0,"p_streams_rank":0.0,"airplay":1288.0,"oa_streams":538063.0,"song_sales_rank":387.0},{"artist":"AC/DC","title":"Back In Black","song_sales":2297.0,"airplay_rank":405.0,"song_project_rank":698.0,"ov_streams_rank":0.0,"song_project":5748.0,"keen":{"timestamp":"November, 04 2016 00:00:00"},"oa_streams_rank":1000.0,"shazam_tags":0.0,"disp_date":"11/04/2016","currentRow":53.0,"ov_streams":536551.0,"shazam_tags_rank":0.0,"p_streams_rank":0.0,"airplay":1323.0,"oa_streams":517695.0,"song_sales_rank":346.0},{"artist":"AC/DC","title":"Back In Black","song_sales":2329.0,"airplay_rank":410.0,"song_project_rank":724.0,"ov_streams_rank":605.0,"song_project":5874.0,"keen":{"timestamp":"October, 28 2016 00:00:00"},"oa_streams_rank":997.0,"shazam_tags":0.0,"disp_date":"10/28/2016","currentRow":54.0,"ov_streams":541671.0,"shazam_tags_rank":0.0,"p_streams_rank":0.0,"airplay":1309.0,"oa_streams":531768.0,"song_sales_rank":367.0},{"artist":"AC/DC","title":"Back In Black","song_sales":2539.0,"airplay_rank":399.0,"song_project_rank":638.0,"ov_streams_rank":568.0,"song_project":6113.0,"keen":{"timestamp":"October, 21 2016 00:00:00"},"oa_streams_rank":948.0,"shazam_tags":0.0,"disp_date":"10/21/2016","currentRow":55.0,"ov_streams":551751.0,"shazam_tags_rank":0.0,"p_streams_rank":0.0,"airplay":1281.0,"oa_streams":536158.0,"song_sales_rank":317.0},{"artist":"AC/DC","title":"Back In Black","song_sales":2793.0,"airplay_rank":408.0,"song_project_rank":603.0,"ov_streams_rank":514.0,"song_project":6468.0,"keen":{"timestamp":"October, 14 2016 00:00:00"},"oa_streams_rank":953.0,"shazam_tags":0.0,"disp_date":"10/14/2016","currentRow":56.0,"ov_streams":575321.0,"shazam_tags_rank":0.0,"p_streams_rank":0.0,"airplay":1289.0,"oa_streams":551272.0,"song_sales_rank":290.0},{"artist":"AC/DC","title":"Back In Black","song_sales":2890.0,"airplay_rank":401.0,"song_project_rank":597.0,"ov_streams_rank":560.0,"song_project":6493.0,"keen":{"timestamp":"October, 07 2016 00:00:00"},"oa_streams_rank":969.0,"shazam_tags":0.0,"disp_date":"10/07/2016","currentRow":57.0,"ov_streams":542482.0,"shazam_tags_rank":0.0,"p_streams_rank":0.0,"airplay":1280.0,"oa_streams":540404.0,"song_sales_rank":267.0},{"artist":"AC/DC","title":"Back In Black","song_sales":3672.0,"airplay_rank":398.0,"song_project_rank":518.0,"ov_streams_rank":496.0,"song_project":7389.0,"keen":{"timestamp":"September, 30 2016 00:00:00"},"oa_streams_rank":954.0,"shazam_tags":0.0,"disp_date":"09/30/2016","currentRow":58.0,"ov_streams":574679.0,"shazam_tags_rank":0.0,"p_streams_rank":0.0,"airplay":1292.0,"oa_streams":557610.0,"song_sales_rank":215.0},{"artist":"AC/DC","title":"Back In Black","song_sales":2811.0,"airplay_rank":410.0,"song_project_rank":600.0,"ov_streams_rank":465.0,"song_project":6591.0,"keen":{"timestamp":"September, 23 2016 00:00:00"},"oa_streams_rank":917.0,"shazam_tags":0.0,"disp_date":"09/23/2016","currentRow":59.0,"ov_streams":599901.0,"shazam_tags_rank":0.0,"p_streams_rank":0.0,"airplay":1255.0,"oa_streams":567024.0,"song_sales_rank":289.0},{"artist":"AC/DC","title":"Back In Black","song_sales":3246.0,"airplay_rank":437.0,"song_project_rank":560.0,"ov_streams_rank":492.0,"song_project":7079.0,"keen":{"timestamp":"September, 16 2016 00:00:00"},"oa_streams_rank":896.0,"shazam_tags":0.0,"disp_date":"09/16/2016","currentRow":60.0,"ov_streams":589478.0,"shazam_tags_rank":0.0,"p_streams_rank":0.0,"airplay":1210.0,"oa_streams":574939.0,"song_sales_rank":259.0},{"artist":"AC/DC","title":"Back In Black","song_sales":2899.0,"airplay_rank":402.0,"song_project_rank":592.0,"ov_streams_rank":450.0,"song_project":6776.0,"keen":{"timestamp":"September, 09 2016 00:00:00"},"oa_streams_rank":898.0,"shazam_tags":0.0,"disp_date":"09/09/2016","currentRow":61.0,"ov_streams":615966.0,"shazam_tags_rank":0.0,"p_streams_rank":0.0,"airplay":1274.0,"oa_streams":581624.0,"song_sales_rank":298.0},{"artist":"AC/DC","title":"Back In Black","song_sales":2944.0,"airplay_rank":386.0,"song_project_rank":610.0,"ov_streams_rank":468.0,"song_project":6638.0,"keen":{"timestamp":"September, 02 2016 00:00:00"},"oa_streams_rank":943.0,"shazam_tags":0.0,"disp_date":"09/02/2016","currentRow":62.0,"ov_streams":622261.0,"shazam_tags_rank":0.0,"p_streams_rank":0.0,"airplay":1234.0,"oa_streams":554052.0,"song_sales_rank":308.0},{"artist":"AC/DC","title":"Back In Black","song_sales":2927.0,"airplay_rank":376.0,"song_project_rank":629.0,"ov_streams_rank":425.0,"song_project":6652.0,"keen":{"timestamp":"August, 26 2016 00:00:00"},"oa_streams_rank":951.0,"shazam_tags":0.0,"disp_date":"08/26/2016","currentRow":63.0,"ov_streams":664400.0,"shazam_tags_rank":0.0,"p_streams_rank":0.0,"airplay":1259.0,"oa_streams":558688.0,"song_sales_rank":324.0},{"artist":"AC/DC","title":"Back In Black","song_sales":2775.0,"airplay_rank":377.0,"song_project_rank":660.0,"ov_streams_rank":461.0,"song_project":6433.0,"keen":{"timestamp":"August, 19 2016 00:00:00"},"oa_streams_rank":967.0,"shazam_tags":0.0,"disp_date":"08/19/2016","currentRow":64.0,"ov_streams":603522.0,"shazam_tags_rank":0.0,"p_streams_rank":0.0,"airplay":1268.0,"oa_streams":548717.0,"song_sales_rank":355.0},{"artist":"AC/DC","title":"Back In Black","song_sales":2766.0,"airplay_rank":382.0,"song_project_rank":663.0,"ov_streams_rank":480.0,"song_project":6452.0,"keen":{"timestamp":"August, 12 2016 00:00:00"},"oa_streams_rank":914.0,"shazam_tags":0.0,"disp_date":"08/12/2016","currentRow":65.0,"ov_streams":582364.0,"shazam_tags_rank":0.0,"p_streams_rank":0.0,"airplay":1244.0,"oa_streams":552841.0,"song_sales_rank":413.0},{"artist":"AC/DC","title":"Back In Black","song_sales":2697.0,"airplay_rank":357.0,"song_project_rank":662.0,"ov_streams_rank":495.0,"song_project":6406.0,"keen":{"timestamp":"August, 05 2016 00:00:00"},"oa_streams_rank":890.0,"shazam_tags":0.0,"disp_date":"08/05/2016","currentRow":66.0,"ov_streams":576683.0,"shazam_tags_rank":0.0,"p_streams_rank":0.0,"airplay":1290.0,"oa_streams":556371.0,"song_sales_rank":424.0},{"artist":"AC/DC","title":"Back In Black","song_sales":2843.0,"airplay_rank":384.0,"song_project_rank":658.0,"ov_streams_rank":509.0,"song_project":6512.0,"keen":{"timestamp":"July, 29 2016 00:00:00"},"oa_streams_rank":930.0,"shazam_tags":0.0,"disp_date":"07/29/2016","currentRow":67.0,"ov_streams":565364.0,"shazam_tags_rank":0.0,"p_streams_rank":0.0,"airplay":1254.0,"oa_streams":550321.0,"song_sales_rank":365.0},{"artist":"AC/DC","title":"Back In Black","song_sales":2779.0,"airplay_rank":373.0,"song_project_rank":669.0,"ov_streams_rank":508.0,"song_project":6346.0,"keen":{"timestamp":"July, 22 2016 00:00:00"},"oa_streams_rank":948.0,"shazam_tags":0.0,"disp_date":"07/22/2016","currentRow":68.0,"ov_streams":557878.0,"shazam_tags_rank":0.0,"p_streams_rank":0.0,"airplay":1274.0,"oa_streams":535020.0,"song_sales_rank":378.0},{"artist":"AC/DC","title":"Back In Black","song_sales":2974.0,"airplay_rank":349.0,"song_project_rank":631.0,"ov_streams_rank":516.0,"song_project":6562.0,"keen":{"timestamp":"July, 15 2016 00:00:00"},"oa_streams_rank":939.0,"shazam_tags":0.0,"disp_date":"07/15/2016","currentRow":69.0,"ov_streams":553208.0,"shazam_tags_rank":0.0,"p_streams_rank":0.0,"airplay":1315.0,"oa_streams":538162.0,"song_sales_rank":378.0},{"artist":"AC/DC","title":"Back In Black","song_sales":3274.0,"airplay_rank":397.0,"song_project_rank":582.0,"ov_streams_rank":628.0,"song_project":6724.0,"keen":{"timestamp":"July, 08 2016 00:00:00"},"oa_streams_rank":941.0,"shazam_tags":0.0,"disp_date":"07/08/2016","currentRow":70.0,"ov_streams":462541.0,"shazam_tags_rank":0.0,"p_streams_rank":0.0,"airplay":1205.0,"oa_streams":517501.0,"song_sales_rank":295.0},{"artist":"AC/DC","title":"Back In Black","song_sales":3048.0,"airplay_rank":417.0,"song_project_rank":612.0,"ov_streams_rank":651.0,"song_project":6609.0,"keen":{"timestamp":"July, 01 2016 00:00:00"},"oa_streams_rank":904.0,"shazam_tags":0.0,"disp_date":"07/01/2016","currentRow":71.0,"ov_streams":447772.0,"shazam_tags_rank":0.0,"p_streams_rank":0.0,"airplay":1177.0,"oa_streams":534117.0,"song_sales_rank":354.0},{"artist":"AC/DC","title":"Back In Black","song_sales":3027.0,"airplay_rank":380.0,"song_project_rank":687.0,"ov_streams_rank":700.0,"song_project":6511.0,"keen":{"timestamp":"June, 24 2016 00:00:00"},"oa_streams_rank":947.0,"shazam_tags":0.0,"disp_date":"06/24/2016","currentRow":72.0,"ov_streams":428513.0,"shazam_tags_rank":0.0,"p_streams_rank":0.0,"airplay":1237.0,"oa_streams":522585.0,"song_sales_rank":495.0},{"artist":"AC/DC","title":"Back In Black","song_sales":3327.0,"airplay_rank":406.0,"song_project_rank":661.0,"ov_streams_rank":658.0,"song_project":6748.0,"keen":{"timestamp":"June, 17 2016 00:00:00"},"oa_streams_rank":967.0,"shazam_tags":0.0,"disp_date":"06/17/2016","currentRow":73.0,"ov_streams":424826.0,"shazam_tags_rank":0.0,"p_streams_rank":0.0,"airplay":1171.0,"oa_streams":513208.0,"song_sales_rank":463.0},{"artist":"AC/DC","title":"Back In Black","song_sales":3545.0,"airplay_rank":398.0,"song_project_rank":623.0,"ov_streams_rank":646.0,"song_project":6951.0,"keen":{"timestamp":"June, 10 2016 00:00:00"},"oa_streams_rank":946.0,"shazam_tags":0.0,"disp_date":"06/10/2016","currentRow":74.0,"ov_streams":427062.0,"shazam_tags_rank":0.0,"p_streams_rank":0.0,"airplay":1179.0,"oa_streams":510947.0,"song_sales_rank":431.0},{"artist":"AC/DC","title":"Back In Black","song_sales":4735.0,"airplay_rank":391.0,"song_project_rank":423.0,"ov_streams_rank":606.0,"song_project":8216.0,"keen":{"timestamp":"June, 03 2016 00:00:00"},"oa_streams_rank":920.0,"shazam_tags":0.0,"disp_date":"06/03/2016","currentRow":75.0,"ov_streams":457901.0,"shazam_tags_rank":0.0,"p_streams_rank":0.0,"airplay":1188.0,"oa_streams":522132.0,"song_sales_rank":212.0},{"artist":"AC/DC","title":"Back In Black","song_sales":3346.0,"airplay_rank":411.0,"song_project_rank":561.0,"ov_streams_rank":599.0,"song_project":6895.0,"keen":{"timestamp":"May, 27 2016 00:00:00"},"oa_streams_rank":881.0,"shazam_tags":0.0,"disp_date":"05/27/2016","currentRow":76.0,"ov_streams":463108.0,"shazam_tags_rank":0.0,"p_streams_rank":0.0,"airplay":1135.0,"oa_streams":532314.0,"song_sales_rank":322.0},{"artist":"AC/DC","title":"Back In Black","song_sales":3545.0,"airplay_rank":396.0,"song_project_rank":560.0,"ov_streams_rank":603.0,"song_project":7109.0,"keen":{"timestamp":"May, 20 2016 00:00:00"},"oa_streams_rank":871.0,"shazam_tags":0.0,"disp_date":"05/20/2016","currentRow":77.0,"ov_streams":469195.0,"shazam_tags_rank":0.0,"p_streams_rank":0.0,"airplay":1165.0,"oa_streams":534624.0,"song_sales_rank":348.0},{"artist":"AC/DC","title":"Back In Black","song_sales":3529.0,"airplay_rank":378.0,"song_project_rank":552.0,"ov_streams_rank":599.0,"song_project":7006.0,"keen":{"timestamp":"May, 13 2016 00:00:00"},"oa_streams_rank":874.0,"shazam_tags":0.0,"disp_date":"05/13/2016","currentRow":78.0,"ov_streams":466650.0,"shazam_tags_rank":0.0,"p_streams_rank":0.0,"airplay":1221.0,"oa_streams":521564.0,"song_sales_rank":333.0},{"artist":"AC/DC","title":"Back In Black","song_sales":3661.0,"airplay_rank":388.0,"song_project_rank":525.0,"ov_streams_rank":684.0,"song_project":7126.0,"keen":{"timestamp":"May, 06 2016 00:00:00"},"oa_streams_rank":882.0,"shazam_tags":0.0,"disp_date":"05/06/2016","currentRow":79.0,"ov_streams":435169.0,"shazam_tags_rank":0.0,"p_streams_rank":0.0,"airplay":1208.0,"oa_streams":519722.0,"song_sales_rank":323.0},{"artist":"AC/DC","title":"Back In Black","song_sales":3396.0,"airplay_rank":383.0,"song_project_rank":579.0,"ov_streams_rank":812.0,"song_project":6770.0,"keen":{"timestamp":"April, 29 2016 00:00:00"},"oa_streams_rank":886.0,"shazam_tags":0.0,"disp_date":"04/29/2016","currentRow":80.0,"ov_streams":378134.0,"shazam_tags_rank":0.0,"p_streams_rank":0.0,"airplay":1222.0,"oa_streams":506113.0,"song_sales_rank":345.0},{"artist":"AC/DC","title":"Back In Black","song_sales":3564.0,"airplay_rank":394.0,"song_project_rank":584.0,"ov_streams_rank":755.0,"song_project":6784.0,"keen":{"timestamp":"April, 22 2016 00:00:00"},"oa_streams_rank":908.0,"shazam_tags":0.0,"disp_date":"04/22/2016","currentRow":81.0,"ov_streams":396461.0,"shazam_tags_rank":0.0,"p_streams_rank":1978.0,"airplay":1220.0,"oa_streams":482977.0,"song_sales_rank":386.0},{"artist":"AC/DC","title":"Back In Black","song_sales":3678.0,"airplay_rank":471.0,"song_project_rank":537.0,"ov_streams_rank":27937.0,"song_project":7005.0,"keen":{"timestamp":"April, 15 2016 00:00:00"},"oa_streams_rank":870.0,"shazam_tags":0.0,"disp_date":"04/15/2016","currentRow":82.0,"ov_streams":20382.0,"shazam_tags_rank":0.0,"p_streams_rank":1677.0,"airplay":1149.0,"oa_streams":499121.0,"song_sales_rank":332.0},{"artist":"AC/DC","title":"Back In Black","song_sales":3412.0,"airplay_rank":454.0,"song_project_rank":608.0,"ov_streams_rank":34136.0,"song_project":6550.0,"keen":{"timestamp":"April, 08 2016 00:00:00"},"oa_streams_rank":925.0,"shazam_tags":0.0,"disp_date":"04/08/2016","currentRow":83.0,"ov_streams":16448.0,"shazam_tags_rank":0.0,"p_streams_rank":1706.0,"airplay":1208.0,"oa_streams":470677.0,"song_sales_rank":430.0},{"artist":"AC/DC","title":"Back In Black","song_sales":3711.0,"airplay_rank":444.0,"song_project_rank":589.0,"ov_streams_rank":34130.0,"song_project":6844.0,"keen":{"timestamp":"April, 01 2016 00:00:00"},"oa_streams_rank":928.0,"shazam_tags":0.0,"disp_date":"04/01/2016","currentRow":84.0,"ov_streams":16112.0,"shazam_tags_rank":0.0,"p_streams_rank":1514.0,"airplay":1248.0,"oa_streams":469921.0,"song_sales_rank":419.0},{"artist":"AC/DC","title":"Back In Black","song_sales":4174.0,"airplay_rank":469.0,"song_project_rank":578.0,"ov_streams_rank":41238.0,"song_project":7269.0,"keen":{"timestamp":"March, 25 2016 00:00:00"},"oa_streams_rank":914.0,"shazam_tags":0.0,"disp_date":"03/25/2016","currentRow":85.0,"ov_streams":12830.0,"shazam_tags_rank":0.0,"p_streams_rank":970.0,"airplay":1195.0,"oa_streams":464278.0,"song_sales_rank":406.0},{"artist":"AC/DC","title":"Back In Black","song_sales":3518.0,"airplay_rank":423.0,"song_project_rank":533.0,"ov_streams_rank":4605.0,"song_project":6479.0,"keen":{"timestamp":"March, 18 2016 00:00:00"},"oa_streams_rank":883.0,"shazam_tags":0.0,"disp_date":"03/18/2016","currentRow":86.0,"ov_streams":104653.0,"shazam_tags_rank":0.0,"p_streams_rank":1039.0,"airplay":1171.0,"oa_streams":444217.0,"song_sales_rank":321.0},{"artist":"AC/DC","title":"Back In Black","song_sales":3979.0,"airplay_rank":402.0,"song_project_rank":500.0,"ov_streams_rank":1702.0,"song_project":6942.0,"keen":{"timestamp":"March, 11 2016 00:00:00"},"oa_streams_rank":906.0,"shazam_tags":0.0,"disp_date":"03/11/2016","currentRow":87.0,"ov_streams":226321.0,"shazam_tags_rank":0.0,"p_streams_rank":1077.0,"airplay":1158.0,"oa_streams":444389.0,"song_sales_rank":273.0},{"artist":"AC/DC","title":"Back In Black","song_sales":5027.0,"airplay_rank":417.0,"song_project_rank":404.0,"ov_streams_rank":47988.0,"song_project":8007.0,"keen":{"timestamp":"March, 04 2016 00:00:00"},"oa_streams_rank":885.0,"shazam_tags":0.0,"disp_date":"03/04/2016","currentRow":88.0,"ov_streams":11265.0,"shazam_tags_rank":0.0,"p_streams_rank":1018.0,"airplay":1158.0,"oa_streams":446972.0,"song_sales_rank":222.0},{"artist":"AC/DC","title":"Back In Black","song_sales":3687.0,"airplay_rank":411.0,"song_project_rank":518.0,"ov_streams_rank":51886.0,"song_project":6675.0,"keen":{"timestamp":"February, 26 2016 00:00:00"},"oa_streams_rank":887.0,"shazam_tags":0.0,"disp_date":"02/26/2016","currentRow":89.0,"ov_streams":9988.0,"shazam_tags_rank":0.0,"p_streams_rank":1037.0,"airplay":1158.0,"oa_streams":448130.0,"song_sales_rank":304.0},{"artist":"AC/DC","title":"Back In Black","song_sales":3786.0,"airplay_rank":431.0,"song_project_rank":519.0,"ov_streams_rank":48340.0,"song_project":6797.0,"keen":{"timestamp":"February, 19 2016 00:00:00"},"oa_streams_rank":866.0,"shazam_tags":0.0,"disp_date":"02/19/2016","currentRow":90.0,"ov_streams":10848.0,"shazam_tags_rank":0.0,"p_streams_rank":958.0,"airplay":1124.0,"oa_streams":451631.0,"song_sales_rank":336.0},{"artist":"AC/DC","title":"Back In Black","song_sales":4025.0,"airplay_rank":395.0,"song_project_rank":555.0,"ov_streams_rank":47263.0,"song_project":6905.0,"keen":{"timestamp":"February, 12 2016 00:00:00"},"oa_streams_rank":898.0,"shazam_tags":0.0,"disp_date":"02/12/2016","currentRow":91.0,"ov_streams":11060.0,"shazam_tags_rank":0.0,"p_streams_rank":988.0,"airplay":1187.0,"oa_streams":432074.0,"song_sales_rank":393.0},{"artist":"AC/DC","title":"Back In Black","song_sales":3737.0,"airplay_rank":410.0,"song_project_rank":567.0,"ov_streams_rank":54782.0,"song_project":6538.0,"keen":{"timestamp":"February, 05 2016 00:00:00"},"oa_streams_rank":938.0,"shazam_tags":0.0,"disp_date":"02/05/2016","currentRow":92.0,"ov_streams":9067.0,"shazam_tags_rank":0.0,"p_streams_rank":0.0,"airplay":1173.0,"oa_streams":420215.0,"song_sales_rank":361.0},{"artist":"AC/DC","title":"Back In Black","song_sales":3711.0,"airplay_rank":430.0,"song_project_rank":536.0,"ov_streams_rank":57301.0,"song_project":6523.0,"keen":{"timestamp":"January, 29 2016 00:00:00"},"oa_streams_rank":905.0,"shazam_tags":0.0,"disp_date":"01/29/2016","currentRow":93.0,"ov_streams":8804.0,"shazam_tags_rank":0.0,"p_streams_rank":0.0,"airplay":1141.0,"oa_streams":421837.0,"song_sales_rank":332.0},{"artist":"AC/DC","title":"Back In Black","song_sales":3638.0,"airplay_rank":406.0,"song_project_rank":511.0,"ov_streams_rank":57059.0,"song_project":6281.0,"keen":{"timestamp":"January, 22 2016 00:00:00"},"oa_streams_rank":892.0,"shazam_tags":0.0,"disp_date":"01/22/2016","currentRow":94.0,"ov_streams":8871.0,"shazam_tags_rank":0.0,"p_streams_rank":983.0,"airplay":1175.0,"oa_streams":396523.0,"song_sales_rank":302.0},{"artist":"AC/DC","title":"Back In Black","song_sales":3857.0,"airplay_rank":401.0,"song_project_rank":542.0,"ov_streams_rank":45729.0,"song_project":6331.0,"keen":{"timestamp":"January, 15 2016 00:00:00"},"oa_streams_rank":959.0,"shazam_tags":0.0,"disp_date":"01/15/2016","currentRow":95.0,"ov_streams":11308.0,"shazam_tags_rank":0.0,"p_streams_rank":1022.0,"airplay":1201.0,"oa_streams":371136.0,"song_sales_rank":348.0},{"artist":"AC/DC","title":"Back In Black","song_sales":4584.0,"airplay_rank":416.0,"song_project_rank":487.0,"ov_streams_rank":57945.0,"song_project":6959.0,"keen":{"timestamp":"January, 08 2016 00:00:00"},"oa_streams_rank":1015.0,"shazam_tags":0.0,"disp_date":"01/08/2016","currentRow":96.0,"ov_streams":8247.0,"shazam_tags_rank":0.0,"p_streams_rank":939.0,"airplay":1177.0,"oa_streams":356237.0,"song_sales_rank":315.0},{"artist":"AC/DC","title":"Back In Black","song_sales":6000.0,"airplay_rank":420.0,"song_project_rank":381.0,"ov_streams_rank":58751.0,"song_project":8633.0,"keen":{"timestamp":"January, 01 2016 00:00:00"},"oa_streams_rank":1015.0,"shazam_tags":0.0,"disp_date":"01/01/2016","currentRow":97.0,"ov_streams":7890.0,"shazam_tags_rank":0.0,"p_streams_rank":921.0,"airplay":1219.0,"oa_streams":394989.0,"song_sales_rank":260.0},{"artist":"AC/DC","title":"Back In Black","song_sales":8728.0,"airplay_rank":386.0,"song_project_rank":397.0,"ov_streams_rank":74142.0,"song_project":10900.0,"keen":{"timestamp":"December, 25 2015 00:00:00"},"oa_streams_rank":1046.0,"shazam_tags":0.0,"disp_date":"12/25/2015","currentRow":98.0,"ov_streams":6072.0,"shazam_tags_rank":0.0,"p_streams_rank":1063.0,"airplay":1205.0,"oa_streams":325753.0,"song_sales_rank":316.0},{"artist":"AC/DC","title":"Back In Black","song_sales":3558.0,"airplay_rank":449.0,"song_project_rank":1108.0,"ov_streams_rank":71033.0,"song_project":5557.0,"keen":{"timestamp":"December, 18 2015 00:00:00"},"oa_streams_rank":1169.0,"shazam_tags":0.0,"disp_date":"12/18/2015","currentRow":99.0,"ov_streams":6621.0,"shazam_tags_rank":0.0,"p_streams_rank":1122.0,"airplay":1110.0,"oa_streams":293278.0,"song_sales_rank":438.0},{"artist":"AC/DC","title":"Back In Black","song_sales":2797.0,"airplay_rank":436.0,"song_project_rank":1180.0,"ov_streams_rank":71987.0,"song_project":5089.0,"keen":{"timestamp":"December, 11 2015 00:00:00"},"oa_streams_rank":1112.0,"shazam_tags":0.0,"disp_date":"12/11/2015","currentRow":100.0,"ov_streams":6339.0,"shazam_tags_rank":0.0,"p_streams_rank":1043.0,"airplay":985.0,"oa_streams":337430.0,"song_sales_rank":434.0},{"artist":"AC/DC","title":"Back In Black","song_sales":2747.0,"airplay_rank":416.0,"song_project_rank":1191.0,"ov_streams_rank":73192.0,"song_project":5024.0,"keen":{"timestamp":"December, 04 2015 00:00:00"},"oa_streams_rank":1113.0,"shazam_tags":0.0,"disp_date":"12/04/2015","currentRow":101.0,"ov_streams":6183.0,"shazam_tags_rank":0.0,"p_streams_rank":1018.0,"airplay":1160.0,"oa_streams":335347.0,"song_sales_rank":439.0},{"artist":"AC/DC","title":"Back In Black","song_sales":2848.0,"airplay_rank":418.0,"song_project_rank":1095.0,"ov_streams_rank":71991.0,"song_project":4976.0,"keen":{"timestamp":"November, 27 2015 00:00:00"},"oa_streams_rank":1032.0,"shazam_tags":0.0,"disp_date":"11/27/2015","currentRow":102.0,"ov_streams":5864.0,"shazam_tags_rank":0.0,"p_streams_rank":979.0,"airplay":1164.0,"oa_streams":313379.0,"song_sales_rank":413.0},{"artist":"AC/DC","title":"Back In Black","song_sales":3603.0,"airplay_rank":379.0,"song_project_rank":930.0,"ov_streams_rank":74739.0,"song_project":5922.0,"keen":{"timestamp":"November, 20 2015 00:00:00"},"oa_streams_rank":951.0,"shazam_tags":0.0,"disp_date":"11/20/2015","currentRow":103.0,"ov_streams":6270.0,"shazam_tags_rank":0.0,"p_streams_rank":1016.0,"airplay":1052.0,"oa_streams":341524.0,"song_sales_rank":359.0},{"artist":"AC/DC","title":"Back In Black","song_sales":4055.0,"airplay_rank":401.0,"song_project_rank":793.0,"ov_streams_rank":74944.0,"song_project":6347.0,"keen":{"timestamp":"November, 13 2015 00:00:00"},"oa_streams_rank":966.0,"shazam_tags":0.0,"disp_date":"11/13/2015","currentRow":104.0,"ov_streams":6009.0,"shazam_tags_rank":0.0,"p_streams_rank":920.0,"airplay":1003.0,"oa_streams":337821.0,"song_sales_rank":297.0},{"artist":"AC/DC","title":"Back In Black","song_sales":5236.0,"airplay_rank":391.0,"song_project_rank":588.0,"ov_streams_rank":74484.0,"song_project":7576.0,"keen":{"timestamp":"November, 06 2015 00:00:00"},"oa_streams_rank":943.0,"shazam_tags":0.0,"disp_date":"11/06/2015","currentRow":105.0,"ov_streams":6219.0,"shazam_tags_rank":0.0,"p_streams_rank":888.0,"airplay":1172.0,"oa_streams":344715.0,"song_sales_rank":229.0},{"artist":"AC/DC","title":"Back In Black","song_sales":3228.0,"airplay_rank":444.0,"song_project_rank":865.0,"ov_streams_rank":77375.0,"song_project":5531.0,"keen":{"timestamp":"October, 30 2015 00:00:00"},"oa_streams_rank":919.0,"shazam_tags":0.0,"disp_date":"10/30/2015","currentRow":106.0,"ov_streams":4981.0,"shazam_tags_rank":0.0,"p_streams_rank":909.0,"airplay":1146.0,"oa_streams":340454.0,"song_sales_rank":371.0},{"artist":"AC/DC","title":"Back In Black","song_sales":3006.0,"airplay_rank":419.0,"song_project_rank":994.0,"ov_streams_rank":77012.0,"song_project":5367.0,"keen":{"timestamp":"October, 23 2015 00:00:00"},"oa_streams_rank":920.0,"shazam_tags":0.0,"disp_date":"10/23/2015","currentRow":107.0,"ov_streams":5900.0,"shazam_tags_rank":0.0,"p_streams_rank":857.0,"airplay":1178.0,"oa_streams":348279.0,"song_sales_rank":371.0},{"artist":"AC/DC","title":"Back In Black","song_sales":3312.0,"airplay_rank":379.0,"song_project_rank":883.0,"ov_streams_rank":82069.0,"song_project":5682.0,"keen":{"timestamp":"October, 16 2015 00:00:00"},"oa_streams_rank":889.0,"shazam_tags":0.0,"disp_date":"10/16/2015","currentRow":108.0,"ov_streams":5459.0,"shazam_tags_rank":0.0,"p_streams_rank":898.0,"airplay":1228.0,"oa_streams":350065.0,"song_sales_rank":331.0},{"artist":"AC/DC","title":"Back In Black","song_sales":3656.0,"airplay_rank":384.0,"song_project_rank":790.0,"ov_streams_rank":72119.0,"song_project":6109.0,"keen":{"timestamp":"October, 09 2015 00:00:00"},"oa_streams_rank":824.0,"shazam_tags":0.0,"disp_date":"10/09/2015","currentRow":109.0,"ov_streams":6484.0,"shazam_tags_rank":0.0,"p_streams_rank":946.0,"airplay":1204.0,"oa_streams":361470.0,"song_sales_rank":296.0},{"artist":"AC/DC","title":"Back In Black","song_sales":3551.0,"airplay_rank":433.0,"song_project_rank":812.0,"ov_streams_rank":69895.0,"song_project":5970.0,"keen":{"timestamp":"October, 02 2015 00:00:00"},"oa_streams_rank":851.0,"shazam_tags":0.0,"disp_date":"10/02/2015","currentRow":110.0,"ov_streams":7028.0,"shazam_tags_rank":0.0,"p_streams_rank":885.0,"airplay":1146.0,"oa_streams":355896.0,"song_sales_rank":287.0},{"artist":"AC/DC","title":"Back In Black","song_sales":3650.0,"airplay_rank":394.0,"song_project_rank":785.0,"ov_streams_rank":68148.0,"song_project":6102.0,"keen":{"timestamp":"September, 25 2015 00:00:00"},"oa_streams_rank":860.0,"shazam_tags":0.0,"disp_date":"09/25/2015","currentRow":111.0,"ov_streams":7105.0,"shazam_tags_rank":0.0,"p_streams_rank":920.0,"airplay":1203.0,"oa_streams":360707.0,"song_sales_rank":308.0},{"artist":"AC/DC","title":"Back In Black","song_sales":3844.0,"airplay_rank":419.0,"song_project_rank":761.0,"ov_streams_rank":72327.0,"song_project":6203.0,"keen":{"timestamp":"September, 18 2015 00:00:00"},"oa_streams_rank":858.0,"shazam_tags":0.0,"disp_date":"09/18/2015","currentRow":112.0,"ov_streams":6535.0,"shazam_tags_rank":0.0,"p_streams_rank":844.0,"airplay":1157.0,"oa_streams":347300.0,"song_sales_rank":291.0},{"artist":"AC/DC","title":"Back In Black","song_sales":4493.0,"airplay_rank":419.0,"song_project_rank":702.0,"ov_streams_rank":74113.0,"song_project":6801.0,"keen":{"timestamp":"September, 11 2015 00:00:00"},"oa_streams_rank":820.0,"shazam_tags":0.0,"disp_date":"09/11/2015","currentRow":113.0,"ov_streams":6325.0,"shazam_tags_rank":0.0,"p_streams_rank":855.0,"airplay":1163.0,"oa_streams":339807.0,"song_sales_rank":294.0},{"artist":"AC/DC","title":"Back In Black","song_sales":4182.0,"airplay_rank":380.0,"song_project_rank":734.0,"ov_streams_rank":68818.0,"song_project":6462.0,"keen":{"timestamp":"September, 04 2015 00:00:00"},"oa_streams_rank":811.0,"shazam_tags":0.0,"disp_date":"09/04/2015","currentRow":114.0,"ov_streams":7028.0,"shazam_tags_rank":0.0,"p_streams_rank":840.0,"airplay":1227.0,"oa_streams":334946.0,"song_sales_rank":317.0},{"artist":"AC/DC","title":"Back In Black","song_sales":3977.0,"airplay_rank":421.0,"song_project_rank":770.0,"ov_streams_rank":72105.0,"song_project":6243.0,"keen":{"timestamp":"August, 28 2015 00:00:00"},"oa_streams_rank":798.0,"shazam_tags":0.0,"disp_date":"08/28/2015","currentRow":115.0,"ov_streams":6422.0,"shazam_tags_rank":0.0,"p_streams_rank":893.0,"airplay":1174.0,"oa_streams":333478.0,"song_sales_rank":355.0},{"artist":"AC/DC","title":"Back In Black","song_sales":4248.0,"airplay_rank":385.0,"song_project_rank":672.0,"ov_streams_rank":74220.0,"song_project":6560.0,"keen":{"timestamp":"August, 21 2015 00:00:00"},"oa_streams_rank":770.0,"shazam_tags":0.0,"disp_date":"08/21/2015","currentRow":116.0,"ov_streams":6214.0,"shazam_tags_rank":0.0,"p_streams_rank":878.0,"airplay":1250.0,"oa_streams":340523.0,"song_sales_rank":296.0},{"artist":"AC/DC","title":"Back In Black","song_sales":3804.0,"airplay_rank":396.0,"song_project_rank":453.0,"ov_streams_rank":75170.0,"song_project":5838.0,"keen":{"timestamp":"August, 14 2015 00:00:00"},"oa_streams_rank":823.0,"shazam_tags":0.0,"disp_date":"08/14/2015","currentRow":117.0,"ov_streams":6278.0,"shazam_tags_rank":0.0,"p_streams_rank":942.0,"airplay":1234.0,"oa_streams":305104.0,"song_sales_rank":344.0},{"artist":"AC/DC","title":"Back In Black","song_sales":3924.0,"airplay_rank":421.0,"song_project_rank":757.0,"ov_streams_rank":77593.0,"song_project":6219.0,"keen":{"timestamp":"August, 07 2015 00:00:00"},"oa_streams_rank":742.0,"shazam_tags":0.0,"disp_date":"08/07/2015","currentRow":118.0,"ov_streams":5850.0,"shazam_tags_rank":0.0,"p_streams_rank":886.0,"airplay":1180.0,"oa_streams":338406.0,"song_sales_rank":342.0},{"artist":"AC/DC","title":"Back In Black","song_sales":4085.0,"airplay_rank":434.0,"song_project_rank":738.0,"ov_streams_rank":82867.0,"song_project":6459.0,"keen":{"timestamp":"July, 31 2015 00:00:00"},"oa_streams_rank":689.0,"shazam_tags":0.0,"disp_date":"07/31/2015","currentRow":119.0,"ov_streams":5443.0,"shazam_tags_rank":0.0,"p_streams_rank":887.0,"airplay":1172.0,"oa_streams":350715.0,"song_sales_rank":334.0},{"artist":"AC/DC","title":"Back In Black","song_sales":4081.0,"airplay_rank":383.0,"song_project_rank":731.0,"ov_streams_rank":77520.0,"song_project":6459.0,"keen":{"timestamp":"July, 24 2015 00:00:00"},"oa_streams_rank":705.0,"shazam_tags":0.0,"disp_date":"07/24/2015","currentRow":120.0,"ov_streams":5957.0,"shazam_tags_rank":0.0,"p_streams_rank":832.0,"airplay":1253.0,"oa_streams":350804.0,"song_sales_rank":333.0},{"artist":"AC/DC","title":"Back In Black","song_sales":4200.0,"airplay_rank":411.0,"song_project_rank":696.0,"ov_streams_rank":75198.0,"song_project":6571.0,"keen":{"timestamp":"July, 17 2015 00:00:00"},"oa_streams_rank":626.0,"shazam_tags":0.0,"disp_date":"07/17/2015","currentRow":121.0,"ov_streams":5949.0,"shazam_tags_rank":0.0,"p_streams_rank":840.0,"airplay":1183.0,"oa_streams":349760.0,"song_sales_rank":337.0},{"artist":"AC/DC","title":"Back In Black","song_sales":4621.0,"airplay_rank":412.0,"song_project_rank":571.0,"ov_streams_rank":74327.0,"song_project":7113.0,"keen":{"timestamp":"July, 10 2015 00:00:00"},"oa_streams_rank":441.0,"shazam_tags":0.0,"disp_date":"07/10/2015","currentRow":122.0,"ov_streams":5958.0,"shazam_tags_rank":0.0,"p_streams_rank":1038.0,"airplay":1195.0,"oa_streams":367811.0,"song_sales_rank":302.0},{"artist":"AC/DC","title":"Back In Black","song_sales":8050.0,"airplay_rank":399.0,"song_project_rank":522.0,"ov_streams_rank":68239.0,"song_project":12132.0,"keen":{"timestamp":"June, 29 2015 00:00:00"},"oa_streams_rank":422.0,"shazam_tags":0.0,"disp_date":"06/29/2015","currentRow":123.0,"ov_streams":10305.0,"shazam_tags_rank":0.0,"p_streams_rank":1162.0,"airplay":1920.0,"oa_streams":602060.0,"song_sales_rank":283.0},{"artist":"AC/DC","title":"Back In Black","song_sales":5019.0,"airplay_rank":379.0,"song_project_rank":998.0,"ov_streams_rank":70922.0,"song_project":5064.0,"keen":{"timestamp":"June, 22 2015 00:00:00"},"oa_streams_rank":350274.0,"shazam_tags":0.0,"disp_date":"06/22/2015","currentRow":124.0,"ov_streams":6324.0,"shazam_tags_rank":0.0,"p_streams_rank":62392.0,"airplay":1241.0,"oa_streams":394.0,"song_sales_rank":299.0},{"artist":"AC/DC","title":"Back In Black","song_sales":4988.0,"airplay_rank":398.0,"song_project_rank":969.0,"ov_streams_rank":68553.0,"song_project":5033.0,"keen":{"timestamp":"June, 15 2015 00:00:00"},"oa_streams_rank":388118.0,"shazam_tags":0.0,"disp_date":"06/15/2015","currentRow":125.0,"ov_streams":6441.0,"shazam_tags_rank":0.0,"p_streams_rank":61770.0,"airplay":1190.0,"oa_streams":332.0,"song_sales_rank":292.0},{"artist":"AC/DC","title":"Back In Black","song_sales":4980.0,"airplay_rank":406.0,"song_project_rank":987.0,"ov_streams_rank":67176.0,"song_project":5026.0,"keen":{"timestamp":"June, 08 2015 00:00:00"},"oa_streams_rank":340073.0,"shazam_tags":0.0,"disp_date":"06/08/2015","currentRow":126.0,"ov_streams":6563.0,"shazam_tags_rank":0.0,"p_streams_rank":57084.0,"airplay":1185.0,"oa_streams":412.0,"song_sales_rank":292.0},{"artist":"AC/DC","title":"Back In Black","song_sales":4748.0,"airplay_rank":405.0,"song_project_rank":1090.0,"ov_streams_rank":67360.0,"song_project":4796.0,"keen":{"timestamp":"June, 01 2015 00:00:00"},"oa_streams_rank":265546.0,"shazam_tags":0.0,"disp_date":"06/01/2015","currentRow":127.0,"ov_streams":6683.0,"shazam_tags_rank":0.0,"p_streams_rank":64457.0,"airplay":1194.0,"oa_streams":584.0,"song_sales_rank":310.0},{"artist":"AC/DC","title":"Back In Black","song_sales":4781.0,"airplay_rank":408.0,"song_project_rank":1068.0,"ov_streams_rank":69711.0,"song_project":4826.0,"keen":{"timestamp":"May, 25 2015 00:00:00"},"oa_streams_rank":341548.0,"shazam_tags":0.0,"disp_date":"05/25/2015","currentRow":128.0,"ov_streams":6369.0,"shazam_tags_rank":0.0,"p_streams_rank":57064.0,"airplay":1198.0,"oa_streams":380.0,"song_sales_rank":310.0},{"artist":"AC/DC","title":"Back In Black","song_sales":4874.0,"airplay_rank":0.0,"song_project_rank":0.0,"ov_streams_rank":0.0,"song_project":4922.0,"keen":{"timestamp":"May, 18 2015 00:00:00"},"oa_streams_rank":0.0,"shazam_tags":0.0,"disp_date":"05/18/2015","currentRow":129.0,"ov_streams":6709.0,"shazam_tags_rank":0.0,"p_streams_rank":0.0,"airplay":1101.0,"oa_streams":428.0,"song_sales_rank":0.0},{"artist":"AC/DC","title":"Back In Black","song_sales":5105.0,"airplay_rank":395.0,"song_project_rank":954.0,"ov_streams_rank":54979.0,"song_project":5163.0,"keen":{"timestamp":"May, 11 2015 00:00:00"},"oa_streams_rank":341813.0,"shazam_tags":0.0,"disp_date":"05/11/2015","currentRow":130.0,"ov_streams":8329.0,"shazam_tags_rank":0.0,"p_streams_rank":47053.0,"airplay":1214.0,"oa_streams":395.0,"song_sales_rank":325.0},{"artist":"AC/DC","title":"Back In Black","song_sales":4866.0,"airplay_rank":399.0,"song_project_rank":1007.0,"ov_streams_rank":49564.0,"song_project":4933.0,"keen":{"timestamp":"May, 04 2015 00:00:00"},"oa_streams_rank":322212.0,"shazam_tags":0.0,"disp_date":"05/04/2015","currentRow":131.0,"ov_streams":9602.0,"shazam_tags_rank":0.0,"p_streams_rank":54944.0,"airplay":1212.0,"oa_streams":436.0,"song_sales_rank":300.0},{"artist":"AC/DC","title":"Back In Black","song_sales":6681.0,"airplay_rank":441.0,"song_project_rank":609.0,"ov_streams_rank":67456.0,"song_project":6726.0,"keen":{"timestamp":"April, 27 2015 00:00:00"},"oa_streams_rank":354832.0,"shazam_tags":0.0,"disp_date":"04/27/2015","currentRow":132.0,"ov_streams":6348.0,"shazam_tags_rank":0.0,"p_streams_rank":65942.0,"airplay":1124.0,"oa_streams":374.0,"song_sales_rank":221.0},{"artist":"AC/DC","title":"Back In Black","song_sales":5265.0,"airplay_rank":394.0,"song_project_rank":888.0,"ov_streams_rank":62616.0,"song_project":5316.0,"keen":{"timestamp":"April, 20 2015 00:00:00"},"oa_streams_rank":365749.0,"shazam_tags":0.0,"disp_date":"04/20/2015","currentRow":133.0,"ov_streams":7233.0,"shazam_tags_rank":0.0,"p_streams_rank":77062.0,"airplay":1232.0,"oa_streams":351.0,"song_sales_rank":292.0},{"artist":"AC/DC","title":"Back In Black","song_sales":5896.0,"airplay_rank":426.0,"song_project_rank":785.0,"ov_streams_rank":64809.0,"song_project":5944.0,"keen":{"timestamp":"April, 13 2015 00:00:00"},"oa_streams_rank":429346.0,"shazam_tags":0.0,"disp_date":"04/13/2015","currentRow":134.0,"ov_streams":6880.0,"shazam_tags_rank":0.0,"p_streams_rank":93343.0,"airplay":1140.0,"oa_streams":271.0,"song_sales_rank":269.0},{"artist":"AC/DC","title":"Back In Black","song_sales":6093.0,"airplay_rank":391.0,"song_project_rank":792.0,"ov_streams_rank":63211.0,"song_project":6142.0,"keen":{"timestamp":"April, 06 2015 00:00:00"},"oa_streams_rank":382378.0,"shazam_tags":0.0,"disp_date":"04/06/2015","currentRow":135.0,"ov_streams":7013.0,"shazam_tags_rank":0.0,"p_streams_rank":40714.0,"airplay":1217.0,"oa_streams":323.0,"song_sales_rank":275.0},{"artist":"AC/DC","title":"Back In Black","song_sales":5814.0,"airplay_rank":418.0,"song_project_rank":877.0,"ov_streams_rank":48640.0,"song_project":5882.0,"keen":{"timestamp":"March, 30 2015 00:00:00"},"oa_streams_rank":301014.0,"shazam_tags":0.0,"disp_date":"03/30/2015","currentRow":136.0,"ov_streams":9799.0,"shazam_tags_rank":0.0,"p_streams_rank":21832.0,"airplay":1181.0,"oa_streams":422.0,"song_sales_rank":316.0},{"artist":"AC/DC","title":"Back In Black","song_sales":5396.0,"airplay_rank":421.0,"song_project_rank":898.0,"ov_streams_rank":54147.0,"song_project":5456.0,"keen":{"timestamp":"March, 23 2015 00:00:00"},"oa_streams_rank":298184.0,"shazam_tags":0.0,"disp_date":"03/23/2015","currentRow":137.0,"ov_streams":8476.0,"shazam_tags_rank":0.0,"p_streams_rank":21862.0,"airplay":1135.0,"oa_streams":462.0,"song_sales_rank":294.0},{"artist":"AC/DC","title":"Back In Black","song_sales":5527.0,"airplay_rank":408.0,"song_project_rank":534.0,"ov_streams_rank":880.0,"song_project":7426.0,"keen":{"timestamp":"March, 16 2015 00:00:00"},"oa_streams_rank":248972.0,"shazam_tags":0.0,"disp_date":"03/16/2015","currentRow":138.0,"ov_streams":284333.0,"shazam_tags_rank":0.0,"p_streams_rank":31576.0,"airplay":1156.0,"oa_streams":591.0,"song_sales_rank":284.0},{"artist":"AC/DC","title":"Back In Black","song_sales":5798.0,"airplay_rank":400.0,"song_project_rank":382.0,"ov_streams_rank":367.0,"song_project":9091.0,"keen":{"timestamp":"March, 09 2015 00:00:00"},"oa_streams_rank":266822.0,"shazam_tags":0.0,"disp_date":"03/09/2015","currentRow":139.0,"ov_streams":493459.0,"shazam_tags_rank":0.0,"p_streams_rank":29068.0,"airplay":1175.0,"oa_streams":543.0,"song_sales_rank":252.0},{"artist":"AC/DC","title":"Back In Black","song_sales":6212.0,"airplay_rank":417.0,"song_project_rank":369.0,"ov_streams_rank":354.0,"song_project":9599.0,"keen":{"timestamp":"March, 02 2015 00:00:00"},"oa_streams_rank":237540.0,"shazam_tags":0.0,"disp_date":"03/02/2015","currentRow":140.0,"ov_streams":507338.0,"shazam_tags_rank":0.0,"p_streams_rank":37342.0,"airplay":1135.0,"oa_streams":647.0,"song_sales_rank":246.0},{"artist":"AC/DC","title":"Back In Black","song_sales":6378.0,"airplay_rank":378.0,"song_project_rank":375.0,"ov_streams_rank":365.0,"song_project":9697.0,"keen":{"timestamp":"February, 23 2015 00:00:00"},"oa_streams_rank":270166.0,"shazam_tags":0.0,"disp_date":"02/23/2015","currentRow":141.0,"ov_streams":497337.0,"shazam_tags_rank":0.0,"p_streams_rank":36143.0,"airplay":1228.0,"oa_streams":519.0,"song_sales_rank":257.0},{"artist":"AC/DC","title":"Back In Black","song_sales":7034.0,"airplay_rank":430.0,"song_project_rank":337.0,"ov_streams_rank":336.0,"song_project":10489.0,"keen":{"timestamp":"February, 16 2015 00:00:00"},"oa_streams_rank":242435.0,"shazam_tags":0.0,"disp_date":"02/16/2015","currentRow":142.0,"ov_streams":517721.0,"shazam_tags_rank":0.0,"p_streams_rank":36125.0,"airplay":1119.0,"oa_streams":592.0,"song_sales_rank":234.0},{"artist":"AC/DC","title":"Back In Black","song_sales":8938.0,"airplay_rank":418.0,"song_project_rank":282.0,"ov_streams_rank":305.0,"song_project":12626.0,"keen":{"timestamp":"February, 09 2015 00:00:00"},"oa_streams_rank":209286.0,"shazam_tags":0.0,"disp_date":"02/09/2015","currentRow":143.0,"ov_streams":552432.0,"shazam_tags_rank":0.0,"p_streams_rank":36885.0,"airplay":1133.0,"oa_streams":744.0,"song_sales_rank":209.0},{"artist":"AC/DC","title":"Back In Black","song_sales":9065.0,"airplay_rank":398.0,"song_project_rank":242.0,"ov_streams_rank":270.0,"song_project":12949.0,"keen":{"timestamp":"February, 02 2015 00:00:00"},"oa_streams_rank":256971.0,"shazam_tags":0.0,"disp_date":"02/02/2015","currentRow":144.0,"ov_streams":582120.0,"shazam_tags_rank":0.0,"p_streams_rank":38573.0,"airplay":1157.0,"oa_streams":550.0,"song_sales_rank":182.0},{"artist":"AC/DC","title":"Back In Black","song_sales":10254.0,"airplay_rank":413.0,"song_project_rank":195.0,"ov_streams_rank":226.0,"song_project":14594.0,"keen":{"timestamp":"January, 26 2015 00:00:00"},"oa_streams_rank":256588.0,"shazam_tags":0.0,"disp_date":"01/26/2015","currentRow":145.0,"ov_streams":650496.0,"shazam_tags_rank":0.0,"p_streams_rank":34441.0,"airplay":1130.0,"oa_streams":545.0,"song_sales_rank":147.0},{"artist":"AC/DC","title":"Back In Black","song_sales":10139.0,"airplay_rank":377.0,"song_project_rank":200.0,"ov_streams_rank":241.0,"song_project":14139.0,"keen":{"timestamp":"January, 19 2015 00:00:00"},"oa_streams_rank":266984.0,"shazam_tags":0.0,"disp_date":"01/19/2015","currentRow":146.0,"ov_streams":599508.0,"shazam_tags_rank":0.0,"p_streams_rank":34776.0,"airplay":1203.0,"oa_streams":504.0,"song_sales_rank":153.0},{"artist":"AC/DC","title":"Back In Black","song_sales":12568.0,"airplay_rank":431.0,"song_project_rank":166.0,"ov_streams_rank":199.0,"song_project":16987.0,"keen":{"timestamp":"January, 12 2015 00:00:00"},"oa_streams_rank":226414.0,"shazam_tags":0.0,"disp_date":"01/12/2015","currentRow":147.0,"ov_streams":662196.0,"shazam_tags_rank":0.0,"p_streams_rank":35684.0,"airplay":1115.0,"oa_streams":627.0,"song_sales_rank":125.0},{"artist":"AC/DC","title":"Back In Black","song_sales":11493.0,"airplay_rank":413.0,"song_project_rank":193.0,"ov_streams_rank":246.0,"song_project":15058.0,"keen":{"timestamp":"January, 05 2015 00:00:00"},"oa_streams_rank":262882.0,"shazam_tags":0.0,"disp_date":"01/05/2015","currentRow":148.0,"ov_streams":534286.0,"shazam_tags_rank":0.0,"p_streams_rank":35943.0,"airplay":1162.0,"oa_streams":483.0,"song_sales_rank":158.0},{"artist":"AC/DC","title":"Back In Black","song_sales":13301.0,"airplay_rank":480.0,"song_project_rank":221.0,"ov_streams_rank":371.0,"song_project":16120.0,"keen":{"timestamp":"December, 29 2014 00:00:00"},"oa_streams_rank":301725.0,"shazam_tags":0.0,"disp_date":"12/29/2014","currentRow":149.0,"ov_streams":422432.0,"shazam_tags_rank":0.0,"p_streams_rank":36351.0,"airplay":928.0,"oa_streams":411.0,"song_sales_rank":177.0},{"artist":"AC/DC","title":"Back In Black","song_sales":12635.0,"airplay_rank":465.0,"song_project_rank":320.0,"ov_streams_rank":471.0,"song_project":15087.0,"keen":{"timestamp":"December, 22 2014 00:00:00"},"oa_streams_rank":281914.0,"shazam_tags":0.0,"disp_date":"12/22/2014","currentRow":150.0,"ov_streams":367481.0,"shazam_tags_rank":0.0,"p_streams_rank":42734.0,"airplay":1071.0,"oa_streams":390.0,"song_sales_rank":260.0},{"artist":"AC/DC","title":"Back In Black","song_sales":4386.0,"airplay_rank":475.0,"song_project_rank":557.0,"ov_streams_rank":466.0,"song_project":6812.0,"keen":{"timestamp":"December, 15 2014 00:00:00"},"oa_streams_rank":297822.0,"shazam_tags":0.0,"disp_date":"12/15/2014","currentRow":151.0,"ov_streams":363548.0,"shazam_tags_rank":0.0,"p_streams_rank":41735.0,"airplay":1050.0,"oa_streams":412.0,"song_sales_rank":411.0},{"artist":"AC/DC","title":"Back In Black","song_sales":4300.0,"airplay_rank":455.0,"song_project_rank":476.0,"ov_streams_rank":445.0,"song_project":6765.0,"keen":{"timestamp":"December, 08 2014 00:00:00"},"oa_streams_rank":308822.0,"shazam_tags":0.0,"disp_date":"12/08/2014","currentRow":152.0,"ov_streams":369301.0,"shazam_tags_rank":0.0,"p_streams_rank":42408.0,"airplay":1073.0,"oa_streams":399.0,"song_sales_rank":310.0},{"artist":"AC/DC","title":"Back In Black","song_sales":5463.0,"airplay_rank":420.0,"song_project_rank":389.0,"ov_streams_rank":418.0,"song_project":7980.0,"keen":{"timestamp":"December, 01 2014 00:00:00"},"oa_streams_rank":245371.0,"shazam_tags":0.0,"disp_date":"12/01/2014","currentRow":153.0,"ov_streams":376977.0,"shazam_tags_rank":0.0,"p_streams_rank":47682.0,"airplay":1148.0,"oa_streams":552.0,"song_sales_rank":261.0},{"artist":"AC/DC","title":"Back In Black","song_sales":5004.0,"airplay_rank":439.0,"song_project_rank":442.0,"ov_streams_rank":411.0,"song_project":7625.0,"keen":{"timestamp":"November, 24 2014 00:00:00"},"oa_streams_rank":158030.0,"shazam_tags":0.0,"disp_date":"11/24/2014","currentRow":154.0,"ov_streams":392281.0,"shazam_tags_rank":0.0,"p_streams_rank":44161.0,"airplay":1100.0,"oa_streams":926.0,"song_sales_rank":318.0},{"artist":"AC/DC","title":"Back In Black","song_sales":5530.0,"airplay_rank":435.0,"song_project_rank":394.0,"ov_streams_rank":407.0,"song_project":8059.0,"keen":{"timestamp":"November, 17 2014 00:00:00"},"oa_streams_rank":159716.0,"shazam_tags":0.0,"disp_date":"11/17/2014","currentRow":155.0,"ov_streams":378302.0,"shazam_tags_rank":0.0,"p_streams_rank":40872.0,"airplay":1090.0,"oa_streams":991.0,"song_sales_rank":280.0},{"artist":"AC/DC","title":"Back In Black","song_sales":4045.0,"airplay_rank":440.0,"song_project_rank":491.0,"ov_streams_rank":392.0,"song_project":6473.0,"keen":{"timestamp":"November, 10 2014 00:00:00"},"oa_streams_rank":171699.0,"shazam_tags":0.0,"disp_date":"11/10/2014","currentRow":156.0,"ov_streams":363393.0,"shazam_tags_rank":0.0,"p_streams_rank":52079.0,"airplay":1085.0,"oa_streams":873.0,"song_sales_rank":346.0},{"artist":"AC/DC","title":"Back In Black","song_sales":4867.0,"airplay_rank":428.0,"song_project_rank":413.0,"ov_streams_rank":389.0,"song_project":7207.0,"keen":{"timestamp":"November, 03 2014 00:00:00"},"oa_streams_rank":162643.0,"shazam_tags":0.0,"disp_date":"11/03/2014","currentRow":157.0,"ov_streams":350047.0,"shazam_tags_rank":0.0,"p_streams_rank":42441.0,"airplay":1104.0,"oa_streams":928.0,"song_sales_rank":295.0},{"artist":"AC/DC","title":"Back In Black","song_sales":4607.0,"airplay_rank":435.0,"song_project_rank":410.0,"ov_streams_rank":352.0,"song_project":6782.0,"keen":{"timestamp":"October, 27 2014 00:00:00"},"oa_streams_rank":172328.0,"shazam_tags":0.0,"disp_date":"10/27/2014","currentRow":158.0,"ov_streams":325407.0,"shazam_tags_rank":0.0,"p_streams_rank":38190.0,"airplay":1110.0,"oa_streams":839.0,"song_sales_rank":290.0},{"artist":"AC/DC","title":"Back In Black","song_sales":4224.0,"airplay_rank":423.0,"song_project_rank":440.0,"ov_streams_rank":393.0,"song_project":6304.0,"keen":{"timestamp":"October, 20 2014 00:00:00"},"oa_streams_rank":148691.0,"shazam_tags":0.0,"disp_date":"10/20/2014","currentRow":159.0,"ov_streams":310921.0,"shazam_tags_rank":0.0,"p_streams_rank":44224.0,"airplay":1115.0,"oa_streams":1010.0,"song_sales_rank":306.0},{"artist":"AC/DC","title":"Back In Black","song_sales":4511.0,"airplay_rank":439.0,"song_project_rank":414.0,"ov_streams_rank":375.0,"song_project":6637.0,"keen":{"timestamp":"October, 13 2014 00:00:00"},"oa_streams_rank":151230.0,"shazam_tags":0.0,"disp_date":"10/13/2014","currentRow":160.0,"ov_streams":317868.0,"shazam_tags_rank":0.0,"p_streams_rank":45816.0,"airplay":1072.0,"oa_streams":1002.0,"song_sales_rank":284.0},{"artist":"AC/DC","title":"Back In Black","song_sales":5239.0,"airplay_rank":421.0,"song_project_rank":359.0,"ov_streams_rank":361.0,"song_project":7377.0,"keen":{"timestamp":"October, 06 2014 00:00:00"},"oa_streams_rank":132278.0,"shazam_tags":0.0,"disp_date":"10/06/2014","currentRow":161.0,"ov_streams":319485.0,"shazam_tags_rank":0.0,"p_streams_rank":37771.0,"airplay":1107.0,"oa_streams":1178.0,"song_sales_rank":248.0},{"artist":"AC/DC","title":"Back In Black","song_sales":4417.0,"airplay_rank":407.0,"song_project_rank":424.0,"ov_streams_rank":346.0,"song_project":6504.0,"keen":{"timestamp":"September, 29 2014 00:00:00"},"oa_streams_rank":94841.0,"shazam_tags":0.0,"disp_date":"09/29/2014","currentRow":162.0,"ov_streams":311284.0,"shazam_tags_rank":0.0,"p_streams_rank":34035.0,"airplay":1138.0,"oa_streams":1849.0,"song_sales_rank":307.0},{"artist":"AC/DC","title":"Back In Black","song_sales":4961.0,"airplay_rank":408.0,"song_project_rank":371.0,"ov_streams_rank":294.0,"song_project":7141.0,"keen":{"timestamp":"September, 22 2014 00:00:00"},"oa_streams_rank":109426.0,"shazam_tags":0.0,"disp_date":"09/22/2014","currentRow":163.0,"ov_streams":325441.0,"shazam_tags_rank":0.0,"p_streams_rank":31173.0,"airplay":1124.0,"oa_streams":1498.0,"song_sales_rank":274.0},{"artist":"AC/DC","title":"Back In Black","song_sales":4826.0,"airplay_rank":395.0,"song_project_rank":389.0,"ov_streams_rank":332.0,"song_project":6868.0,"keen":{"timestamp":"September, 15 2014 00:00:00"},"oa_streams_rank":106689.0,"shazam_tags":0.0,"disp_date":"09/15/2014","currentRow":164.0,"ov_streams":304706.0,"shazam_tags_rank":0.0,"p_streams_rank":30924.0,"airplay":1172.0,"oa_streams":1542.0,"song_sales_rank":284.0},{"artist":"AC/DC","title":"Back In Black","song_sales":4923.0,"airplay_rank":390.0,"song_project_rank":384.0,"ov_streams_rank":339.0,"song_project":6975.0,"keen":{"timestamp":"September, 08 2014 00:00:00"},"oa_streams_rank":112768.0,"shazam_tags":0.0,"disp_date":"09/08/2014","currentRow":165.0,"ov_streams":306421.0,"shazam_tags_rank":0.0,"p_streams_rank":34201.0,"airplay":1171.0,"oa_streams":1405.0,"song_sales_rank":274.0},{"artist":"AC/DC","title":"Back In Black","song_sales":5401.0,"airplay_rank":391.0,"song_project_rank":360.0,"ov_streams_rank":330.0,"song_project":7463.0,"keen":{"timestamp":"September, 01 2014 00:00:00"},"oa_streams_rank":108977.0,"shazam_tags":0.0,"disp_date":"09/01/2014","currentRow":166.0,"ov_streams":307860.0,"shazam_tags_rank":0.0,"p_streams_rank":33892.0,"airplay":1201.0,"oa_streams":1386.0,"song_sales_rank":269.0},{"artist":"AC/DC","title":"Back In Black","song_sales":4850.0,"airplay_rank":363.0,"song_project_rank":391.0,"ov_streams_rank":322.0,"song_project":7008.0,"keen":{"timestamp":"August, 25 2014 00:00:00"},"oa_streams_rank":101085.0,"shazam_tags":0.0,"disp_date":"08/25/2014","currentRow":167.0,"ov_streams":322191.0,"shazam_tags_rank":0.0,"p_streams_rank":31728.0,"airplay":1205.0,"oa_streams":1437.0,"song_sales_rank":315.0},{"artist":"AC/DC","title":"Back In Black","song_sales":4544.0,"airplay_rank":372.0,"song_project_rank":421.0,"ov_streams_rank":420.0,"song_project":6466.0,"keen":{"timestamp":"August, 18 2014 00:00:00"},"oa_streams_rank":101458.0,"shazam_tags":0.0,"disp_date":"08/18/2014","currentRow":168.0,"ov_streams":286751.0,"shazam_tags_rank":0.0,"p_streams_rank":34583.0,"airplay":1213.0,"oa_streams":1493.0,"song_sales_rank":315.0},{"artist":"AC/DC","title":"Back In Black","song_sales":4632.0,"airplay_rank":371.0,"song_project_rank":429.0,"ov_streams_rank":425.0,"song_project":6544.0,"keen":{"timestamp":"August, 11 2014 00:00:00"},"oa_streams_rank":94516.0,"shazam_tags":0.0,"disp_date":"08/11/2014","currentRow":169.0,"ov_streams":285141.0,"shazam_tags_rank":0.0,"p_streams_rank":40142.0,"airplay":1222.0,"oa_streams":1642.0,"song_sales_rank":320.0},{"artist":"AC/DC","title":"Back In Black","song_sales":4977.0,"airplay_rank":354.0,"song_project_rank":401.0,"ov_streams_rank":421.0,"song_project":6911.0,"keen":{"timestamp":"August, 04 2014 00:00:00"},"oa_streams_rank":78651.0,"shazam_tags":0.0,"disp_date":"08/04/2014","currentRow":170.0,"ov_streams":288132.0,"shazam_tags_rank":0.0,"p_streams_rank":231392.0,"airplay":1283.0,"oa_streams":2042.0,"song_sales_rank":303.0},{"artist":"AC/DC","title":"Back In Black","song_sales":4726.0,"airplay_rank":372.0,"song_project_rank":428.0,"ov_streams_rank":454.0,"song_project":6579.0,"keen":{"timestamp":"July, 28 2014 00:00:00"},"oa_streams_rank":88964.0,"shazam_tags":0.0,"disp_date":"07/28/2014","currentRow":171.0,"ov_streams":276242.0,"shazam_tags_rank":0.0,"p_streams_rank":148388.0,"airplay":1237.0,"oa_streams":1727.0,"song_sales_rank":313.0},{"artist":"AC/DC","title":"Back In Black","song_sales":4494.0,"airplay_rank":354.0,"song_project_rank":464.0,"ov_streams_rank":464.0,"song_project":6318.0,"keen":{"timestamp":"July, 21 2014 00:00:00"},"oa_streams_rank":90303.0,"shazam_tags":0.0,"disp_date":"07/21/2014","currentRow":172.0,"ov_streams":272022.0,"shazam_tags_rank":0.0,"p_streams_rank":95469.0,"airplay":1236.0,"oa_streams":1653.0,"song_sales_rank":348.0},{"artist":"AC/DC","title":"Back In Black","song_sales":4623.0,"airplay_rank":360.0,"song_project_rank":443.0,"ov_streams_rank":457.0,"song_project":6420.0,"keen":{"timestamp":"July, 14 2014 00:00:00"},"oa_streams_rank":86564.0,"shazam_tags":0.0,"disp_date":"07/14/2014","currentRow":173.0,"ov_streams":267868.0,"shazam_tags_rank":0.0,"p_streams_rank":69832.0,"airplay":1229.0,"oa_streams":1749.0,"song_sales_rank":329.0},{"artist":"AC/DC","title":"Back In Black","song_sales":4667.0,"airplay_rank":337.0,"song_project_rank":424.0,"ov_streams_rank":421.0,"song_project":6437.0,"keen":{"timestamp":"July, 07 2014 00:00:00"},"oa_streams_rank":78563.0,"shazam_tags":0.0,"disp_date":"07/07/2014","currentRow":174.0,"ov_streams":263750.0,"shazam_tags_rank":0.0,"p_streams_rank":102867.0,"airplay":1328.0,"oa_streams":1829.0,"song_sales_rank":319.0},{"artist":"AC/DC","title":"Back In Black","song_sales":4828.0,"airplay_rank":381.0,"song_project_rank":448.0,"ov_streams_rank":458.0,"song_project":6515.0,"keen":{"timestamp":"June, 30 2014 00:00:00"},"oa_streams_rank":82241.0,"shazam_tags":0.0,"disp_date":"06/30/2014","currentRow":175.0,"ov_streams":251418.0,"shazam_tags_rank":0.0,"p_streams_rank":107348.0,"airplay":1211.0,"oa_streams":1675.0,"song_sales_rank":346.0},{"artist":"AC/DC","title":"Back In Black","song_sales":4574.0,"airplay_rank":335.0,"song_project_rank":488.0,"ov_streams_rank":444.0,"song_project":6294.0,"keen":{"timestamp":"June, 23 2014 00:00:00"},"oa_streams_rank":84234.0,"shazam_tags":0.0,"disp_date":"06/23/2014","currentRow":176.0,"ov_streams":256353.0,"shazam_tags_rank":0.0,"p_streams_rank":118303.0,"airplay":1248.0,"oa_streams":1662.0,"song_sales_rank":383.0},{"artist":"AC/DC","title":"Back In Black","song_sales":4637.0,"airplay_rank":319.0,"song_project_rank":489.0,"ov_streams_rank":438.0,"song_project":6351.0,"keen":{"timestamp":"June, 16 2014 00:00:00"},"oa_streams_rank":84480.0,"shazam_tags":0.0,"disp_date":"06/16/2014","currentRow":177.0,"ov_streams":255465.0,"shazam_tags_rank":0.0,"p_streams_rank":156731.0,"airplay":1278.0,"oa_streams":1636.0,"song_sales_rank":408.0},{"artist":"AC/DC","title":"Back In Black","song_sales":4867.0,"airplay_rank":374.0,"song_project_rank":450.0,"ov_streams_rank":440.0,"song_project":6604.0,"keen":{"timestamp":"June, 09 2014 00:00:00"},"oa_streams_rank":88056.0,"shazam_tags":0.0,"disp_date":"06/09/2014","currentRow":178.0,"ov_streams":258969.0,"shazam_tags_rank":0.0,"p_streams_rank":154324.0,"airplay":1182.0,"oa_streams":1535.0,"song_sales_rank":352.0},{"artist":"AC/DC","title":"Back In Black","song_sales":4722.0,"airplay_rank":357.0,"song_project_rank":441.0,"ov_streams_rank":447.0,"song_project":6436.0,"keen":{"timestamp":"June, 02 2014 00:00:00"},"oa_streams_rank":84341.0,"shazam_tags":0.0,"disp_date":"06/02/2014","currentRow":179.0,"ov_streams":255384.0,"shazam_tags_rank":0.0,"p_streams_rank":242165.0,"airplay":1261.0,"oa_streams":1689.0,"song_sales_rank":340.0},{"artist":"AC/DC","title":"Back In Black","song_sales":4658.0,"airplay_rank":344.0,"song_project_rank":427.0,"ov_streams_rank":439.0,"song_project":6339.0,"keen":{"timestamp":"May, 26 2014 00:00:00"},"oa_streams_rank":91290.0,"shazam_tags":0.0,"disp_date":"05/26/2014","currentRow":180.0,"ov_streams":250669.0,"shazam_tags_rank":0.0,"p_streams_rank":70249.0,"airplay":1289.0,"oa_streams":1494.0,"song_sales_rank":337.0},{"artist":"AC/DC","title":"Back In Black","song_sales":4747.0,"airplay_rank":373.0,"song_project_rank":450.0,"ov_streams_rank":380.0,"song_project":6532.0,"keen":{"timestamp":"May, 19 2014 00:00:00"},"oa_streams_rank":81663.0,"shazam_tags":0.0,"disp_date":"05/19/2014","currentRow":181.0,"ov_streams":265961.0,"shazam_tags_rank":0.0,"p_streams_rank":78699.0,"airplay":1193.0,"oa_streams":1738.0,"song_sales_rank":380.0},{"artist":"AC/DC","title":"Back In Black","song_sales":4550.0,"airplay_rank":343.0,"song_project_rank":473.0,"ov_streams_rank":404.0,"song_project":6186.0,"keen":{"timestamp":"May, 12 2014 00:00:00"},"oa_streams_rank":83090.0,"shazam_tags":0.0,"disp_date":"05/12/2014","currentRow":182.0,"ov_streams":243625.0,"shazam_tags_rank":0.0,"p_streams_rank":45158.0,"airplay":1269.0,"oa_streams":1764.0,"song_sales_rank":385.0},{"artist":"AC/DC","title":"Back In Black","song_sales":4570.0,"airplay_rank":341.0,"song_project_rank":426.0,"ov_streams_rank":390.0,"song_project":6160.0,"keen":{"timestamp":"May, 05 2014 00:00:00"},"oa_streams_rank":78449.0,"shazam_tags":0.0,"disp_date":"05/05/2014","currentRow":183.0,"ov_streams":236585.0,"shazam_tags_rank":0.0,"p_streams_rank":47425.0,"airplay":1272.0,"oa_streams":1876.0,"song_sales_rank":337.0},{"artist":"AC/DC","title":"Back In Black","song_sales":5154.0,"airplay_rank":373.0,"song_project_rank":402.0,"ov_streams_rank":333.0,"song_project":6996.0,"keen":{"timestamp":"April, 28 2014 00:00:00"},"oa_streams_rank":82011.0,"shazam_tags":0.0,"disp_date":"04/28/2014","currentRow":184.0,"ov_streams":274316.0,"shazam_tags_rank":0.0,"p_streams_rank":40655.0,"airplay":1217.0,"oa_streams":1949.0,"song_sales_rank":320.0},{"artist":"AC/DC","title":"Back In Black","song_sales":5586.0,"airplay_rank":342.0,"song_project_rank":430.0,"ov_streams_rank":441.0,"song_project":7219.0,"keen":{"timestamp":"April, 21 2014 00:00:00"},"oa_streams_rank":55896.0,"shazam_tags":0.0,"disp_date":"04/21/2014","currentRow":185.0,"ov_streams":242082.0,"shazam_tags_rank":0.0,"p_streams_rank":54750.0,"airplay":1262.0,"oa_streams":2846.0,"song_sales_rank":343.0},{"artist":"AC/DC","title":"Back In Black","song_sales":5822.0,"airplay_rank":338.0,"song_project_rank":400.0,"ov_streams_rank":356.0,"song_project":7688.0,"keen":{"timestamp":"April, 14 2014 00:00:00"},"oa_streams_rank":62705.0,"shazam_tags":0.0,"disp_date":"04/14/2014","currentRow":186.0,"ov_streams":277513.0,"shazam_tags_rank":0.0,"p_streams_rank":55719.0,"airplay":1254.0,"oa_streams":2396.0,"song_sales_rank":350.0},{"artist":"AC/DC","title":"Back In Black","song_sales":4552.0,"airplay_rank":347.0,"song_project_rank":507.0,"ov_streams_rank":441.0,"song_project":6084.0,"keen":{"timestamp":"April, 07 2014 00:00:00"},"oa_streams_rank":86787.0,"shazam_tags":0.0,"disp_date":"04/07/2014","currentRow":187.0,"ov_streams":228213.0,"shazam_tags_rank":0.0,"p_streams_rank":66726.0,"airplay":1224.0,"oa_streams":1543.0,"song_sales_rank":440.0},{"artist":"AC/DC","title":"Back In Black","song_sales":4874.0,"airplay_rank":341.0,"song_project_rank":398.0,"ov_streams_rank":419.0,"song_project":6465.0,"keen":{"timestamp":"March, 31 2014 00:00:00"},"oa_streams_rank":103676.0,"shazam_tags":0.0,"disp_date":"03/31/2014","currentRow":188.0,"ov_streams":237427.0,"shazam_tags_rank":0.0,"p_streams_rank":54015.0,"airplay":1293.0,"oa_streams":1226.0,"song_sales_rank":320.0},{"artist":"AC/DC","title":"Back In Black","song_sales":4963.0,"airplay_rank":361.0,"song_project_rank":402.0,"ov_streams_rank":415.0,"song_project":6528.0,"keen":{"timestamp":"March, 24 2014 00:00:00"},"oa_streams_rank":74453.0,"shazam_tags":0.0,"disp_date":"03/24/2014","currentRow":189.0,"ov_streams":232908.0,"shazam_tags_rank":0.0,"p_streams_rank":54013.0,"airplay":1205.0,"oa_streams":1865.0,"song_sales_rank":315.0},{"artist":"AC/DC","title":"Back In Black","song_sales":5111.0,"airplay_rank":330.0,"song_project_rank":389.0,"ov_streams_rank":403.0,"song_project":6715.0,"keen":{"timestamp":"March, 17 2014 00:00:00"},"oa_streams_rank":72931.0,"shazam_tags":0.0,"disp_date":"03/17/2014","currentRow":190.0,"ov_streams":238819.0,"shazam_tags_rank":0.0,"p_streams_rank":31616.0,"airplay":1270.0,"oa_streams":1820.0,"song_sales_rank":322.0},{"artist":"AC/DC","title":"Back In Black","song_sales":5328.0,"airplay_rank":365.0,"song_project_rank":384.0,"ov_streams_rank":428.0,"song_project":6831.0,"keen":{"timestamp":"March, 10 2014 00:00:00"},"oa_streams_rank":87829.0,"shazam_tags":0.0,"disp_date":"03/10/2014","currentRow":191.0,"ov_streams":223966.0,"shazam_tags_rank":0.0,"p_streams_rank":54772.0,"airplay":1203.0,"oa_streams":1538.0,"song_sales_rank":306.0},{"artist":"AC/DC","title":"Back In Black","song_sales":5313.0,"airplay_rank":324.0,"song_project_rank":405.0,"ov_streams_rank":421.0,"song_project":6744.0,"keen":{"timestamp":"March, 03 2014 00:00:00"},"oa_streams_rank":87438.0,"shazam_tags":0.0,"disp_date":"03/03/2014","currentRow":192.0,"ov_streams":213097.0,"shazam_tags_rank":0.0,"p_streams_rank":55931.0,"airplay":1280.0,"oa_streams":1544.0,"song_sales_rank":317.0},{"artist":"AC/DC","title":"Back In Black","song_sales":5637.0,"airplay_rank":347.0,"song_project_rank":377.0,"ov_streams_rank":404.0,"song_project":7104.0,"keen":{"timestamp":"February, 24 2014 00:00:00"},"oa_streams_rank":299906.0,"shazam_tags":0.0,"disp_date":"02/24/2014","currentRow":193.0,"ov_streams":219836.0,"shazam_tags_rank":0.0,"p_streams_rank":57351.0,"airplay":1240.0,"oa_streams":277.0,"song_sales_rank":316.0},{"artist":"AC/DC","title":"Back In Black","song_sales":5531.0,"airplay_rank":332.0,"song_project_rank":421.0,"ov_streams_rank":426.0,"song_project":6995.0,"keen":{"timestamp":"February, 17 2014 00:00:00"},"oa_streams_rank":1493805.0,"shazam_tags":0.0,"disp_date":"02/17/2014","currentRow":194.0,"ov_streams":219634.0,"shazam_tags_rank":0.0,"p_streams_rank":58485.0,"airplay":1281.0,"oa_streams":15.0,"song_sales_rank":359.0},{"artist":"AC/DC","title":"Back In Black","song_sales":5603.0,"airplay_rank":340.0,"song_project_rank":472.0,"ov_streams_rank":430.0,"song_project":7071.0,"keen":{"timestamp":"February, 10 2014 00:00:00"},"oa_streams_rank":2240568.0,"shazam_tags":0.0,"disp_date":"02/10/2014","currentRow":195.0,"ov_streams":220191.0,"shazam_tags_rank":0.0,"p_streams_rank":61424.0,"airplay":1234.0,"oa_streams":8.0,"song_sales_rank":400.0},{"artist":"AC/DC","title":"Back In Black","song_sales":4930.0,"airplay_rank":332.0,"song_project_rank":502.0,"ov_streams_rank":437.0,"song_project":6369.0,"keen":{"timestamp":"February, 03 2014 00:00:00"},"oa_streams_rank":1915146.0,"shazam_tags":0.0,"disp_date":"02/03/2014","currentRow":196.0,"ov_streams":215814.0,"shazam_tags_rank":0.0,"p_streams_rank":74184.0,"airplay":1269.0,"oa_streams":11.0,"song_sales_rank":444.0},{"artist":"AC/DC","title":"Back In Black","song_sales":5153.0,"airplay_rank":332.0,"song_project_rank":422.0,"ov_streams_rank":456.0,"song_project":6629.0,"keen":{"timestamp":"January, 27 2014 00:00:00"},"oa_streams_rank":1737491.0,"shazam_tags":0.0,"disp_date":"01/27/2014","currentRow":197.0,"ov_streams":221323.0,"shazam_tags_rank":0.0,"p_streams_rank":88739.0,"airplay":1281.0,"oa_streams":12.0,"song_sales_rank":342.0},{"artist":"AC/DC","title":"Back In Black","song_sales":5919.0,"airplay_rank":349.0,"song_project_rank":375.0,"ov_streams_rank":418.0,"song_project":7394.0,"keen":{"timestamp":"January, 20 2014 00:00:00"},"oa_streams_rank":2459195.0,"shazam_tags":0.0,"disp_date":"01/20/2014","currentRow":198.0,"ov_streams":221277.0,"shazam_tags_rank":0.0,"p_streams_rank":65436.0,"airplay":1244.0,"oa_streams":7.0,"song_sales_rank":304.0},{"artist":"AC/DC","title":"Back In Black","song_sales":5930.0,"airplay_rank":340.0,"song_project_rank":350.0,"ov_streams_rank":407.0,"song_project":7380.0,"keen":{"timestamp":"January, 13 2014 00:00:00"},"oa_streams_rank":2314420.0,"shazam_tags":0.0,"disp_date":"01/13/2014","currentRow":199.0,"ov_streams":217514.0,"shazam_tags_rank":0.0,"p_streams_rank":61332.0,"airplay":1264.0,"oa_streams":6.0,"song_sales_rank":300.0},{"artist":"AC/DC","title":"Back In Black","song_sales":6580.0,"airplay_rank":352.0,"song_project_rank":361.0,"ov_streams_rank":392.0,"song_project":8069.0,"keen":{"timestamp":"January, 06 2014 00:00:00"},"oa_streams_rank":1873350.0,"shazam_tags":0.0,"disp_date":"01/06/2014","currentRow":200.0,"ov_streams":223391.0,"shazam_tags_rank":0.0,"p_streams_rank":159405.0,"airplay":1271.0,"oa_streams":9.0,"song_sales_rank":317.0},{"artist":"AC/DC","title":"Back In Black","song_sales":8300.0,"airplay_rank":330.0,"song_project_rank":354.0,"ov_streams_rank":1327.0,"song_project":8310.0,"keen":{"timestamp":"December, 30 2013 00:00:00"},"oa_streams_rank":2876431.0,"shazam_tags":0.0,"disp_date":"12/30/2013","currentRow":201.0,"ov_streams":1500.0,"shazam_tags_rank":0.0,"p_streams_rank":193435.0,"airplay":980.0,"oa_streams":3.0,"song_sales_rank":309.0}]