[{"song_sales":886.0,"airplay_rank":2412.0,"song_project_rank":611.0,"ov_streams_rank":111.0,"song_project":5789.0,"keen":{"timestamp":"November, 03 2017 00:00:00"},"oa_streams_rank":567.0,"shazam_tags":1232.0,"disp_date":"11/03/2017","currentRow":1.0,"ov_streams":2194079.0,"shazam_tags_rank":661.0,"p_streams_rank":0.0,"airplay":321.0,"oa_streams":735409.0,"artist":"Desiigner","title":"Panda","song_sales_rank":981.0},{"song_sales":936.0,"airplay_rank":2263.0,"song_project_rank":513.0,"ov_streams_rank":104.0,"song_project":9070.0,"keen":{"timestamp":"October, 27 2017 00:00:00"},"oa_streams_rank":476.0,"shazam_tags":1784.0,"disp_date":"10/27/2017","currentRow":2.0,"ov_streams":2165396.0,"shazam_tags_rank":929.0,"p_streams_rank":0.0,"airplay":294.0,"oa_streams":1220123.0,"artist":"Desiigner","title":"Panda","song_sales_rank":787.0},{"song_sales":959.0,"airplay_rank":2274.0,"song_project_rank":523.0,"ov_streams_rank":88.0,"song_project":9219.0,"keen":{"timestamp":"October, 20 2017 00:00:00"},"oa_streams_rank":474.0,"shazam_tags":2173.0,"disp_date":"10/20/2017","currentRow":3.0,"ov_streams":2374703.0,"shazam_tags_rank":872.0,"p_streams_rank":0.0,"airplay":328.0,"oa_streams":1239061.0,"artist":"Desiigner","title":"Panda","song_sales_rank":870.0},{"song_sales":972.0,"airplay_rank":2127.0,"song_project_rank":508.0,"ov_streams_rank":84.0,"song_project":9310.0,"keen":{"timestamp":"October, 13 2017 00:00:00"},"oa_streams_rank":467.0,"shazam_tags":2161.0,"disp_date":"10/13/2017","currentRow":4.0,"ov_streams":2425231.0,"shazam_tags_rank":871.0,"p_streams_rank":0.0,"airplay":350.0,"oa_streams":1250713.0,"artist":"Desiigner","title":"Panda","song_sales_rank":840.0},{"song_sales":1019.0,"airplay_rank":2137.0,"song_project_rank":501.0,"ov_streams_rank":81.0,"song_project":9431.0,"keen":{"timestamp":"October, 06 2017 00:00:00"},"oa_streams_rank":462.0,"shazam_tags":2456.0,"disp_date":"10/06/2017","currentRow":5.0,"ov_streams":2526562.0,"shazam_tags_rank":720.0,"p_streams_rank":0.0,"airplay":345.0,"oa_streams":1261744.0,"artist":"Desiigner","title":"Panda","song_sales_rank":833.0},{"song_sales":1216.0,"airplay_rank":2144.0,"song_project_rank":483.0,"ov_streams_rank":87.0,"song_project":9788.0,"keen":{"timestamp":"September, 29 2017 00:00:00"},"oa_streams_rank":460.0,"shazam_tags":2370.0,"disp_date":"09/29/2017","currentRow":6.0,"ov_streams":2394666.0,"shazam_tags_rank":786.0,"p_streams_rank":0.0,"airplay":347.0,"oa_streams":1285767.0,"artist":"Desiigner","title":"Panda","song_sales_rank":673.0},{"song_sales":1156.0,"airplay_rank":2088.0,"song_project_rank":470.0,"ov_streams_rank":87.0,"song_project":10067.0,"keen":{"timestamp":"September, 22 2017 00:00:00"},"oa_streams_rank":439.0,"shazam_tags":2377.0,"disp_date":"09/22/2017","currentRow":7.0,"ov_streams":2307637.0,"shazam_tags_rank":777.0,"p_streams_rank":0.0,"airplay":347.0,"oa_streams":1336594.0,"artist":"Desiigner","title":"Panda","song_sales_rank":687.0},{"song_sales":1212.0,"airplay_rank":1850.0,"song_project_rank":431.0,"ov_streams_rank":103.0,"song_project":10258.0,"keen":{"timestamp":"September, 15 2017 00:00:00"},"oa_streams_rank":403.0,"shazam_tags":2589.0,"disp_date":"09/15/2017","currentRow":8.0,"ov_streams":2234874.0,"shazam_tags_rank":684.0,"p_streams_rank":0.0,"airplay":401.0,"oa_streams":1356871.0,"artist":"Desiigner","title":"Panda","song_sales_rank":664.0},{"song_sales":1209.0,"airplay_rank":2063.0,"song_project_rank":410.0,"ov_streams_rank":99.0,"song_project":10398.0,"keen":{"timestamp":"September, 08 2017 00:00:00"},"oa_streams_rank":379.0,"shazam_tags":1348.0,"disp_date":"09/08/2017","currentRow":9.0,"ov_streams":2176302.0,"shazam_tags_rank":578.0,"p_streams_rank":0.0,"airplay":351.0,"oa_streams":1378327.0,"artist":"Desiigner","title":"Panda","song_sales_rank":678.0},{"song_sales":1570.0,"airplay_rank":1942.0,"song_project_rank":363.0,"ov_streams_rank":97.0,"song_project":11608.0,"keen":{"timestamp":"September, 01 2017 00:00:00"},"oa_streams_rank":341.0,"shazam_tags":2045.0,"disp_date":"09/01/2017","currentRow":10.0,"ov_streams":2285139.0,"shazam_tags_rank":359.0,"p_streams_rank":0.0,"airplay":389.0,"oa_streams":1505667.0,"artist":"Desiigner","title":"Panda","song_sales_rank":478.0},{"song_sales":1195.0,"airplay_rank":1760.0,"song_project_rank":395.0,"ov_streams_rank":91.0,"song_project":10930.0,"keen":{"timestamp":"August, 25 2017 00:00:00"},"oa_streams_rank":358.0,"shazam_tags":1514.0,"disp_date":"08/25/2017","currentRow":11.0,"ov_streams":2438244.0,"shazam_tags_rank":566.0,"p_streams_rank":0.0,"airplay":428.0,"oa_streams":1460294.0,"artist":"Desiigner","title":"Panda","song_sales_rank":777.0},{"song_sales":1225.0,"airplay_rank":1878.0,"song_project_rank":373.0,"ov_streams_rank":81.0,"song_project":11066.0,"keen":{"timestamp":"August, 18 2017 00:00:00"},"oa_streams_rank":330.0,"shazam_tags":1575.0,"disp_date":"08/18/2017","currentRow":12.0,"ov_streams":2559629.0,"shazam_tags_rank":534.0,"p_streams_rank":0.0,"airplay":390.0,"oa_streams":1476084.0,"artist":"Desiigner","title":"Panda","song_sales_rank":763.0},{"song_sales":1231.0,"airplay_rank":1706.0,"song_project_rank":348.0,"ov_streams_rank":75.0,"song_project":11137.0,"keen":{"timestamp":"August, 11 2017 00:00:00"},"oa_streams_rank":309.0,"shazam_tags":1124.0,"disp_date":"08/11/2017","currentRow":13.0,"ov_streams":2599588.0,"shazam_tags_rank":889.0,"p_streams_rank":0.0,"airplay":435.0,"oa_streams":1485889.0,"artist":"Desiigner","title":"Panda","song_sales_rank":795.0},{"song_sales":1217.0,"airplay_rank":1611.0,"song_project_rank":350.0,"ov_streams_rank":76.0,"song_project":11263.0,"keen":{"timestamp":"August, 04 2017 00:00:00"},"oa_streams_rank":305.0,"shazam_tags":937.0,"disp_date":"08/04/2017","currentRow":14.0,"ov_streams":2652011.0,"shazam_tags_rank":1230.0,"p_streams_rank":0.0,"airplay":477.0,"oa_streams":1506894.0,"artist":"Desiigner","title":"Panda","song_sales_rank":829.0},{"song_sales":1281.0,"airplay_rank":1660.0,"song_project_rank":349.0,"ov_streams_rank":68.0,"song_project":11258.0,"keen":{"timestamp":"July, 28 2017 00:00:00"},"oa_streams_rank":304.0,"shazam_tags":1006.0,"disp_date":"07/28/2017","currentRow":15.0,"ov_streams":2698806.0,"shazam_tags_rank":1107.0,"p_streams_rank":0.0,"airplay":466.0,"oa_streams":1496561.0,"artist":"Desiigner","title":"Panda","song_sales_rank":778.0},{"song_sales":1318.0,"airplay_rank":1532.0,"song_project_rank":379.0,"ov_streams_rank":66.0,"song_project":11733.0,"keen":{"timestamp":"July, 21 2017 00:00:00"},"oa_streams_rank":331.0,"shazam_tags":1010.0,"disp_date":"07/21/2017","currentRow":16.0,"ov_streams":2740738.0,"shazam_tags_rank":1114.0,"p_streams_rank":0.0,"airplay":491.0,"oa_streams":1562211.0,"artist":"Desiigner","title":"Panda","song_sales_rank":793.0},{"song_sales":1454.0,"airplay_rank":1326.0,"song_project_rank":310.0,"ov_streams_rank":62.0,"song_project":12244.0,"keen":{"timestamp":"July, 14 2017 00:00:00"},"oa_streams_rank":275.0,"shazam_tags":1064.0,"disp_date":"07/14/2017","currentRow":17.0,"ov_streams":2867209.0,"shazam_tags_rank":1016.0,"p_streams_rank":0.0,"airplay":564.0,"oa_streams":1618552.0,"artist":"Desiigner","title":"Panda","song_sales_rank":648.0},{"song_sales":1602.0,"airplay_rank":1117.0,"song_project_rank":300.0,"ov_streams_rank":61.0,"song_project":12446.0,"keen":{"timestamp":"July, 07 2017 00:00:00"},"oa_streams_rank":270.0,"shazam_tags":1209.0,"disp_date":"07/07/2017","currentRow":18.0,"ov_streams":2786236.0,"shazam_tags_rank":797.0,"p_streams_rank":0.0,"airplay":661.0,"oa_streams":1626621.0,"artist":"Desiigner","title":"Panda","song_sales_rank":571.0},{"song_sales":1814.0,"airplay_rank":939.0,"song_project_rank":286.0,"ov_streams_rank":56.0,"song_project":12823.0,"keen":{"timestamp":"June, 30 2017 00:00:00"},"oa_streams_rank":264.0,"shazam_tags":1340.0,"disp_date":"06/30/2017","currentRow":19.0,"ov_streams":2851084.0,"shazam_tags_rank":737.0,"p_streams_rank":0.0,"airplay":750.0,"oa_streams":1651292.0,"artist":"Desiigner","title":"Panda","song_sales_rank":508.0},{"song_sales":2095.0,"airplay_rank":976.0,"song_project_rank":273.0,"ov_streams_rank":54.0,"song_project":13560.0,"keen":{"timestamp":"June, 23 2017 00:00:00"},"oa_streams_rank":256.0,"shazam_tags":1323.0,"disp_date":"06/23/2017","currentRow":20.0,"ov_streams":2973998.0,"shazam_tags_rank":730.0,"p_streams_rank":0.0,"airplay":717.0,"oa_streams":1719687.0,"artist":"Desiigner","title":"Panda","song_sales_rank":450.0},{"song_sales":1999.0,"airplay_rank":912.0,"song_project_rank":296.0,"ov_streams_rank":50.0,"song_project":13637.0,"keen":{"timestamp":"June, 16 2017 00:00:00"},"oa_streams_rank":269.0,"shazam_tags":1387.0,"disp_date":"06/16/2017","currentRow":21.0,"ov_streams":3079914.0,"shazam_tags_rank":685.0,"p_streams_rank":0.0,"airplay":747.0,"oa_streams":1745701.0,"artist":"Desiigner","title":"Panda","song_sales_rank":468.0},{"song_sales":2145.0,"airplay_rank":864.0,"song_project_rank":271.0,"ov_streams_rank":48.0,"song_project":14244.0,"keen":{"timestamp":"June, 09 2017 00:00:00"},"oa_streams_rank":241.0,"shazam_tags":1448.0,"disp_date":"06/09/2017","currentRow":22.0,"ov_streams":3264674.0,"shazam_tags_rank":625.0,"p_streams_rank":0.0,"airplay":786.0,"oa_streams":1814895.0,"artist":"Desiigner","title":"Panda","song_sales_rank":415.0},{"song_sales":2158.0,"airplay_rank":834.0,"song_project_rank":265.0,"ov_streams_rank":51.0,"song_project":14460.0,"keen":{"timestamp":"June, 02 2017 00:00:00"},"oa_streams_rank":236.0,"shazam_tags":1716.0,"disp_date":"06/02/2017","currentRow":23.0,"ov_streams":3086464.0,"shazam_tags_rank":489.0,"p_streams_rank":0.0,"airplay":825.0,"oa_streams":1845371.0,"artist":"Desiigner","title":"Panda","song_sales_rank":419.0},{"song_sales":2332.0,"airplay_rank":709.0,"song_project_rank":274.0,"ov_streams_rank":46.0,"song_project":14805.0,"keen":{"timestamp":"May, 26 2017 00:00:00"},"oa_streams_rank":241.0,"shazam_tags":2295.0,"disp_date":"05/26/2017","currentRow":24.0,"ov_streams":3242817.0,"shazam_tags_rank":0.0,"p_streams_rank":0.0,"airplay":900.0,"oa_streams":1871010.0,"artist":"Desiigner","title":"Panda","song_sales_rank":386.0},{"song_sales":2149.0,"airplay_rank":695.0,"song_project_rank":281.0,"ov_streams_rank":50.0,"song_project":14478.0,"keen":{"timestamp":"May, 19 2017 00:00:00"},"oa_streams_rank":231.0,"shazam_tags":0.0,"disp_date":"05/19/2017","currentRow":25.0,"ov_streams":3157424.0,"shazam_tags_rank":0.0,"p_streams_rank":0.0,"airplay":913.0,"oa_streams":1849330.0,"artist":"Desiigner","title":"Panda","song_sales_rank":484.0},{"song_sales":2030.0,"airplay_rank":796.0,"song_project_rank":275.0,"ov_streams_rank":45.0,"song_project":14528.0,"keen":{"timestamp":"May, 12 2017 00:00:00"},"oa_streams_rank":239.0,"shazam_tags":0.0,"disp_date":"05/12/2017","currentRow":26.0,"ov_streams":3364123.0,"shazam_tags_rank":0.0,"p_streams_rank":0.0,"airplay":848.0,"oa_streams":1874700.0,"artist":"Desiigner","title":"Panda","song_sales_rank":494.0},{"song_sales":2199.0,"airplay_rank":831.0,"song_project_rank":265.0,"ov_streams_rank":45.0,"song_project":14972.0,"keen":{"timestamp":"May, 05 2017 00:00:00"},"oa_streams_rank":231.0,"shazam_tags":0.0,"disp_date":"05/05/2017","currentRow":27.0,"ov_streams":3316249.0,"shazam_tags_rank":0.0,"p_streams_rank":0.0,"airplay":715.0,"oa_streams":1915921.0,"artist":"Desiigner","title":"Panda","song_sales_rank":410.0},{"song_sales":2362.0,"airplay_rank":802.0,"song_project_rank":252.0,"ov_streams_rank":43.0,"song_project":15032.0,"keen":{"timestamp":"April, 28 2017 00:00:00"},"oa_streams_rank":231.0,"shazam_tags":0.0,"disp_date":"04/28/2017","currentRow":28.0,"ov_streams":3422218.0,"shazam_tags_rank":0.0,"p_streams_rank":0.0,"airplay":854.0,"oa_streams":1900497.0,"artist":"Desiigner","title":"Panda","song_sales_rank":385.0},{"song_sales":2580.0,"airplay_rank":708.0,"song_project_rank":232.0,"ov_streams_rank":46.0,"song_project":15929.0,"keen":{"timestamp":"April, 21 2017 00:00:00"},"oa_streams_rank":217.0,"shazam_tags":0.0,"disp_date":"04/21/2017","currentRow":29.0,"ov_streams":3223431.0,"shazam_tags_rank":0.0,"p_streams_rank":0.0,"airplay":907.0,"oa_streams":2002359.0,"artist":"Desiigner","title":"Panda","song_sales_rank":345.0},{"song_sales":2964.0,"airplay_rank":648.0,"song_project_rank":243.0,"ov_streams_rank":47.0,"song_project":15646.0,"keen":{"timestamp":"April, 14 2017 00:00:00"},"oa_streams_rank":221.0,"shazam_tags":0.0,"disp_date":"04/14/2017","currentRow":30.0,"ov_streams":3358762.0,"shazam_tags_rank":0.0,"p_streams_rank":0.0,"airplay":965.0,"oa_streams":1902357.0,"artist":"Desiigner","title":"Panda","song_sales_rank":344.0},{"song_sales":2534.0,"airplay_rank":705.0,"song_project_rank":225.0,"ov_streams_rank":37.0,"song_project":16176.0,"keen":{"timestamp":"April, 07 2017 00:00:00"},"oa_streams_rank":203.0,"shazam_tags":0.0,"disp_date":"04/07/2017","currentRow":31.0,"ov_streams":3567833.0,"shazam_tags_rank":0.0,"p_streams_rank":0.0,"airplay":901.0,"oa_streams":2046374.0,"artist":"Desiigner","title":"Panda","song_sales_rank":339.0},{"song_sales":2570.0,"airplay_rank":720.0,"song_project_rank":226.0,"ov_streams_rank":34.0,"song_project":16611.0,"keen":{"timestamp":"March, 31 2017 00:00:00"},"oa_streams_rank":191.0,"shazam_tags":850.0,"disp_date":"03/31/2017","currentRow":32.0,"ov_streams":3692312.0,"shazam_tags_rank":0.0,"p_streams_rank":0.0,"airplay":897.0,"oa_streams":2106113.0,"artist":"Desiigner","title":"Panda","song_sales_rank":373.0},{"song_sales":2723.0,"airplay_rank":805.0,"song_project_rank":210.0,"ov_streams_rank":27.0,"song_project":15294.0,"keen":{"timestamp":"March, 24 2017 00:00:00"},"oa_streams_rank":185.0,"shazam_tags":1741.0,"disp_date":"03/24/2017","currentRow":33.0,"ov_streams":3896695.0,"shazam_tags_rank":0.0,"p_streams_rank":0.0,"airplay":840.0,"oa_streams":1885700.0,"artist":"Desiigner","title":"Panda","song_sales_rank":329.0},{"song_sales":2873.0,"airplay_rank":693.0,"song_project_rank":210.0,"ov_streams_rank":28.0,"song_project":16727.0,"keen":{"timestamp":"March, 17 2017 00:00:00"},"oa_streams_rank":183.0,"shazam_tags":0.0,"disp_date":"03/17/2017","currentRow":34.0,"ov_streams":3769772.0,"shazam_tags_rank":0.0,"p_streams_rank":0.0,"airplay":922.0,"oa_streams":2078161.0,"artist":"Desiigner","title":"Panda","song_sales_rank":313.0},{"song_sales":2880.0,"airplay_rank":638.0,"song_project_rank":187.0,"ov_streams_rank":27.0,"song_project":17315.0,"keen":{"timestamp":"March, 10 2017 00:00:00"},"oa_streams_rank":164.0,"shazam_tags":1497.0,"disp_date":"03/10/2017","currentRow":35.0,"ov_streams":3802890.0,"shazam_tags_rank":0.0,"p_streams_rank":0.0,"airplay":959.0,"oa_streams":2165195.0,"artist":"Desiigner","title":"Panda","song_sales_rank":294.0},{"song_sales":3335.0,"airplay_rank":616.0,"song_project_rank":184.0,"ov_streams_rank":24.0,"song_project":17973.0,"keen":{"timestamp":"March, 03 2017 00:00:00"},"oa_streams_rank":161.0,"shazam_tags":0.0,"disp_date":"03/03/2017","currentRow":36.0,"ov_streams":3798460.0,"shazam_tags_rank":0.0,"p_streams_rank":0.0,"airplay":997.0,"oa_streams":2195627.0,"artist":"Desiigner","title":"Panda","song_sales_rank":265.0},{"song_sales":3706.0,"airplay_rank":637.0,"song_project_rank":177.0,"ov_streams_rank":25.0,"song_project":18905.0,"keen":{"timestamp":"February, 24 2017 00:00:00"},"oa_streams_rank":157.0,"shazam_tags":0.0,"disp_date":"02/24/2017","currentRow":37.0,"ov_streams":3864792.0,"shazam_tags_rank":0.0,"p_streams_rank":0.0,"airplay":971.0,"oa_streams":2279883.0,"artist":"Desiigner","title":"Panda","song_sales_rank":241.0},{"song_sales":3831.0,"airplay_rank":545.0,"song_project_rank":158.0,"ov_streams_rank":24.0,"song_project":19656.0,"keen":{"timestamp":"February, 17 2017 00:00:00"},"oa_streams_rank":146.0,"shazam_tags":327.0,"disp_date":"02/17/2017","currentRow":38.0,"ov_streams":4176203.0,"shazam_tags_rank":0.0,"p_streams_rank":0.0,"airplay":1062.0,"oa_streams":2373756.0,"artist":"Desiigner","title":"Panda","song_sales_rank":223.0},{"song_sales":4076.0,"airplay_rank":520.0,"song_project_rank":139.0,"ov_streams_rank":18.0,"song_project":20434.0,"keen":{"timestamp":"February, 10 2017 00:00:00"},"oa_streams_rank":129.0,"shazam_tags":3263.0,"disp_date":"02/10/2017","currentRow":39.0,"ov_streams":4055574.0,"shazam_tags_rank":0.0,"p_streams_rank":0.0,"airplay":1099.0,"oa_streams":2453723.0,"artist":"Desiigner","title":"Panda","song_sales_rank":241.0},{"song_sales":3446.0,"airplay_rank":427.0,"song_project_rank":144.0,"ov_streams_rank":18.0,"song_project":19544.0,"keen":{"timestamp":"February, 03 2017 00:00:00"},"oa_streams_rank":126.0,"shazam_tags":0.0,"disp_date":"02/03/2017","currentRow":40.0,"ov_streams":4336789.0,"shazam_tags_rank":0.0,"p_streams_rank":0.0,"airplay":1257.0,"oa_streams":2414635.0,"artist":"Desiigner","title":"Panda","song_sales_rank":240.0},{"song_sales":3670.0,"airplay_rank":415.0,"song_project_rank":124.0,"ov_streams_rank":17.0,"song_project":20620.0,"keen":{"timestamp":"January, 27 2017 00:00:00"},"oa_streams_rank":111.0,"shazam_tags":0.0,"disp_date":"01/27/2017","currentRow":41.0,"ov_streams":4181984.0,"shazam_tags_rank":0.0,"p_streams_rank":0.0,"airplay":1289.0,"oa_streams":2542505.0,"artist":"Desiigner","title":"Panda","song_sales_rank":215.0},{"song_sales":3790.0,"airplay_rank":377.0,"song_project_rank":113.0,"ov_streams_rank":15.0,"song_project":20901.0,"keen":{"timestamp":"January, 20 2017 00:00:00"},"oa_streams_rank":101.0,"shazam_tags":0.0,"disp_date":"01/20/2017","currentRow":42.0,"ov_streams":4505613.0,"shazam_tags_rank":0.0,"p_streams_rank":0.0,"airplay":1338.0,"oa_streams":2566682.0,"artist":"Desiigner","title":"Panda","song_sales_rank":200.0},{"song_sales":4994.0,"airplay_rank":371.0,"song_project_rank":96.0,"ov_streams_rank":12.0,"song_project":23151.0,"keen":{"timestamp":"January, 13 2017 00:00:00"},"oa_streams_rank":86.0,"shazam_tags":0.0,"disp_date":"01/13/2017","currentRow":43.0,"ov_streams":5224571.0,"shazam_tags_rank":0.0,"p_streams_rank":0.0,"airplay":1384.0,"oa_streams":2723476.0,"artist":"Desiigner","title":"Panda","song_sales_rank":161.0},{"song_sales":6189.0,"airplay_rank":305.0,"song_project_rank":84.0,"ov_streams_rank":11.0,"song_project":24859.0,"keen":{"timestamp":"January, 06 2017 00:00:00"},"oa_streams_rank":76.0,"shazam_tags":0.0,"disp_date":"01/06/2017","currentRow":44.0,"ov_streams":4917998.0,"shazam_tags_rank":0.0,"p_streams_rank":0.0,"airplay":1584.0,"oa_streams":2800501.0,"artist":"Desiigner","title":"Panda","song_sales_rank":122.0},{"song_sales":11063.0,"airplay_rank":234.0,"song_project_rank":61.0,"ov_streams_rank":12.0,"song_project":31232.0,"keen":{"timestamp":"December, 30 2016 00:00:00"},"oa_streams_rank":69.0,"shazam_tags":0.0,"disp_date":"12/30/2016","currentRow":45.0,"ov_streams":5219115.0,"shazam_tags_rank":0.0,"p_streams_rank":0.0,"airplay":1984.0,"oa_streams":3025376.0,"artist":"Desiigner","title":"Panda","song_sales_rank":86.0},{"song_sales":17435.0,"airplay_rank":237.0,"song_project_rank":75.0,"ov_streams_rank":13.0,"song_project":35858.0,"keen":{"timestamp":"December, 23 2016 00:00:00"},"oa_streams_rank":84.0,"shazam_tags":0.0,"disp_date":"12/23/2016","currentRow":46.0,"ov_streams":5820162.0,"shazam_tags_rank":0.0,"p_streams_rank":0.0,"airplay":1826.0,"oa_streams":2763508.0,"artist":"Desiigner","title":"Panda","song_sales_rank":83.0},{"song_sales":5517.0,"airplay_rank":305.0,"song_project_rank":100.0,"ov_streams_rank":13.0,"song_project":24407.0,"keen":{"timestamp":"December, 16 2016 00:00:00"},"oa_streams_rank":94.0,"shazam_tags":0.0,"disp_date":"12/16/2016","currentRow":47.0,"ov_streams":5893232.0,"shazam_tags_rank":0.0,"p_streams_rank":0.0,"airplay":1368.0,"oa_streams":2833485.0,"artist":"Desiigner","title":"Panda","song_sales_rank":126.0},{"song_sales":5035.0,"airplay_rank":292.0,"song_project_rank":115.0,"ov_streams_rank":11.0,"song_project":23624.0,"keen":{"timestamp":"December, 09 2016 00:00:00"},"oa_streams_rank":105.0,"shazam_tags":2153.0,"disp_date":"12/09/2016","currentRow":48.0,"ov_streams":5116767.0,"shazam_tags_rank":0.0,"p_streams_rank":0.0,"airplay":1619.0,"oa_streams":2788325.0,"artist":"Desiigner","title":"Panda","song_sales_rank":158.0},{"song_sales":4526.0,"airplay_rank":279.0,"song_project_rank":106.0,"ov_streams_rank":11.0,"song_project":22760.0,"keen":{"timestamp":"December, 02 2016 00:00:00"},"oa_streams_rank":92.0,"shazam_tags":3108.0,"disp_date":"12/02/2016","currentRow":49.0,"ov_streams":5442009.0,"shazam_tags_rank":0.0,"p_streams_rank":0.0,"airplay":1696.0,"oa_streams":2735145.0,"artist":"Desiigner","title":"Panda","song_sales_rank":161.0},{"song_sales":4249.0,"airplay_rank":249.0,"song_project_rank":102.0,"ov_streams_rank":14.0,"song_project":21398.0,"keen":{"timestamp":"November, 25 2016 00:00:00"},"oa_streams_rank":83.0,"shazam_tags":0.0,"disp_date":"11/25/2016","currentRow":50.0,"ov_streams":4428056.0,"shazam_tags_rank":0.0,"p_streams_rank":0.0,"airplay":1955.0,"oa_streams":2572397.0,"artist":"Desiigner","title":"Panda","song_sales_rank":174.0},{"song_sales":5290.0,"airplay_rank":251.0,"song_project_rank":86.0,"ov_streams_rank":12.0,"song_project":24886.0,"keen":{"timestamp":"November, 18 2016 00:00:00"},"oa_streams_rank":66.0,"shazam_tags":0.0,"disp_date":"11/18/2016","currentRow":51.0,"ov_streams":5572208.0,"shazam_tags_rank":0.0,"p_streams_rank":0.0,"airplay":1899.0,"oa_streams":2939432.0,"artist":"Desiigner","title":"Panda","song_sales_rank":149.0},{"song_sales":5157.0,"airplay_rank":202.0,"song_project_rank":75.0,"ov_streams_rank":9.0,"song_project":25047.0,"keen":{"timestamp":"November, 11 2016 00:00:00"},"oa_streams_rank":59.0,"shazam_tags":0.0,"disp_date":"11/11/2016","currentRow":52.0,"ov_streams":5131575.0,"shazam_tags_rank":0.0,"p_streams_rank":0.0,"airplay":2129.0,"oa_streams":2983496.0,"artist":"Desiigner","title":"Panda","song_sales_rank":142.0},{"song_sales":5301.0,"airplay_rank":218.0,"song_project_rank":78.0,"ov_streams_rank":0.0,"song_project":24861.0,"keen":{"timestamp":"November, 04 2016 00:00:00"},"oa_streams_rank":54.0,"shazam_tags":0.0,"disp_date":"11/04/2016","currentRow":53.0,"ov_streams":5603264.0,"shazam_tags_rank":0.0,"p_streams_rank":0.0,"airplay":2065.0,"oa_streams":2934001.0,"artist":"Desiigner","title":"Panda","song_sales_rank":136.0},{"song_sales":6103.0,"airplay_rank":198.0,"song_project_rank":81.0,"ov_streams_rank":8.0,"song_project":26551.0,"keen":{"timestamp":"October, 28 2016 00:00:00"},"oa_streams_rank":62.0,"shazam_tags":0.0,"disp_date":"10/28/2016","currentRow":54.0,"ov_streams":5678712.0,"shazam_tags_rank":0.0,"p_streams_rank":0.0,"airplay":2212.0,"oa_streams":3067237.0,"artist":"Desiigner","title":"Panda","song_sales_rank":130.0},{"song_sales":6389.0,"airplay_rank":173.0,"song_project_rank":64.0,"ov_streams_rank":10.0,"song_project":27992.0,"keen":{"timestamp":"October, 21 2016 00:00:00"},"oa_streams_rank":53.0,"shazam_tags":0.0,"disp_date":"10/21/2016","currentRow":55.0,"ov_streams":5923960.0,"shazam_tags_rank":0.0,"p_streams_rank":0.0,"airplay":2376.0,"oa_streams":3240381.0,"artist":"Desiigner","title":"Panda","song_sales_rank":118.0},{"song_sales":7566.0,"airplay_rank":159.0,"song_project_rank":53.0,"ov_streams_rank":8.0,"song_project":31371.0,"keen":{"timestamp":"October, 14 2016 00:00:00"},"oa_streams_rank":46.0,"shazam_tags":0.0,"disp_date":"10/14/2016","currentRow":56.0,"ov_streams":6144732.0,"shazam_tags_rank":0.0,"p_streams_rank":0.0,"airplay":2522.0,"oa_streams":3570797.0,"artist":"Desiigner","title":"Panda","song_sales_rank":96.0},{"song_sales":8653.0,"airplay_rank":155.0,"song_project_rank":52.0,"ov_streams_rank":6.0,"song_project":32486.0,"keen":{"timestamp":"October, 07 2016 00:00:00"},"oa_streams_rank":46.0,"shazam_tags":0.0,"disp_date":"10/07/2016","currentRow":57.0,"ov_streams":6440593.0,"shazam_tags_rank":0.0,"p_streams_rank":0.0,"airplay":2466.0,"oa_streams":3574949.0,"artist":"Desiigner","title":"Panda","song_sales_rank":83.0},{"song_sales":8706.0,"airplay_rank":152.0,"song_project_rank":52.0,"ov_streams_rank":6.0,"song_project":34809.0,"keen":{"timestamp":"September, 30 2016 00:00:00"},"oa_streams_rank":45.0,"shazam_tags":0.0,"disp_date":"09/30/2016","currentRow":58.0,"ov_streams":6494401.0,"shazam_tags_rank":0.0,"p_streams_rank":0.0,"airplay":2503.0,"oa_streams":3915406.0,"artist":"Desiigner","title":"Panda","song_sales_rank":79.0},{"song_sales":8733.0,"airplay_rank":160.0,"song_project_rank":48.0,"ov_streams_rank":5.0,"song_project":35489.0,"keen":{"timestamp":"September, 23 2016 00:00:00"},"oa_streams_rank":44.0,"shazam_tags":0.0,"disp_date":"09/23/2016","currentRow":59.0,"ov_streams":6853116.0,"shazam_tags_rank":0.0,"p_streams_rank":0.0,"airplay":2473.0,"oa_streams":4013326.0,"artist":"Desiigner","title":"Panda","song_sales_rank":72.0},{"song_sales":9612.0,"airplay_rank":140.0,"song_project_rank":46.0,"ov_streams_rank":6.0,"song_project":38472.0,"keen":{"timestamp":"September, 16 2016 00:00:00"},"oa_streams_rank":39.0,"shazam_tags":0.0,"disp_date":"09/16/2016","currentRow":60.0,"ov_streams":7302008.0,"shazam_tags_rank":0.0,"p_streams_rank":0.0,"airplay":2721.0,"oa_streams":4328942.0,"artist":"Desiigner","title":"Panda","song_sales_rank":73.0},{"song_sales":10620.0,"airplay_rank":134.0,"song_project_rank":40.0,"ov_streams_rank":3.0,"song_project":41302.0,"keen":{"timestamp":"September, 09 2016 00:00:00"},"oa_streams_rank":35.0,"shazam_tags":0.0,"disp_date":"09/09/2016","currentRow":61.0,"ov_streams":7851915.0,"shazam_tags_rank":0.0,"p_streams_rank":0.0,"airplay":2920.0,"oa_streams":4602251.0,"artist":"Desiigner","title":"Panda","song_sales_rank":66.0},{"song_sales":12120.0,"airplay_rank":135.0,"song_project_rank":36.0,"ov_streams_rank":4.0,"song_project":44643.0,"keen":{"timestamp":"September, 02 2016 00:00:00"},"oa_streams_rank":31.0,"shazam_tags":0.0,"disp_date":"09/02/2016","currentRow":62.0,"ov_streams":8279213.0,"shazam_tags_rank":0.0,"p_streams_rank":0.0,"airplay":3003.0,"oa_streams":4878514.0,"artist":"Desiigner","title":"Panda","song_sales_rank":56.0},{"song_sales":13258.0,"airplay_rank":135.0,"song_project_rank":33.0,"ov_streams_rank":3.0,"song_project":47686.0,"keen":{"timestamp":"August, 26 2016 00:00:00"},"oa_streams_rank":26.0,"shazam_tags":0.0,"disp_date":"08/26/2016","currentRow":63.0,"ov_streams":8229721.0,"shazam_tags_rank":0.0,"p_streams_rank":0.0,"airplay":2957.0,"oa_streams":5164164.0,"artist":"Desiigner","title":"Panda","song_sales_rank":54.0},{"song_sales":13922.0,"airplay_rank":123.0,"song_project_rank":34.0,"ov_streams_rank":3.0,"song_project":49240.0,"keen":{"timestamp":"August, 19 2016 00:00:00"},"oa_streams_rank":26.0,"shazam_tags":0.0,"disp_date":"08/19/2016","currentRow":64.0,"ov_streams":8284585.0,"shazam_tags_rank":0.0,"p_streams_rank":0.0,"airplay":3230.0,"oa_streams":5297767.0,"artist":"Desiigner","title":"Panda","song_sales_rank":57.0},{"song_sales":15378.0,"airplay_rank":98.0,"song_project_rank":29.0,"ov_streams_rank":1.0,"song_project":52445.0,"keen":{"timestamp":"August, 12 2016 00:00:00"},"oa_streams_rank":21.0,"shazam_tags":0.0,"disp_date":"08/12/2016","currentRow":65.0,"ov_streams":8912779.0,"shazam_tags_rank":0.0,"p_streams_rank":0.0,"airplay":3940.0,"oa_streams":5560021.0,"artist":"Desiigner","title":"Panda","song_sales_rank":48.0},{"song_sales":18057.0,"airplay_rank":81.0,"song_project_rank":31.0,"ov_streams_rank":1.0,"song_project":56670.0,"keen":{"timestamp":"August, 05 2016 00:00:00"},"oa_streams_rank":18.0,"shazam_tags":0.0,"disp_date":"08/05/2016","currentRow":66.0,"ov_streams":10009653.0,"shazam_tags_rank":0.0,"p_streams_rank":0.0,"airplay":4842.0,"oa_streams":5791985.0,"artist":"Desiigner","title":"Panda","song_sales_rank":46.0},{"song_sales":21607.0,"airplay_rank":72.0,"song_project_rank":28.0,"ov_streams_rank":1.0,"song_project":64241.0,"keen":{"timestamp":"July, 29 2016 00:00:00"},"oa_streams_rank":14.0,"shazam_tags":0.0,"disp_date":"07/29/2016","currentRow":67.0,"ov_streams":10752927.0,"shazam_tags_rank":0.0,"p_streams_rank":0.0,"airplay":5400.0,"oa_streams":6395146.0,"artist":"Desiigner","title":"Panda","song_sales_rank":40.0},{"song_sales":24560.0,"airplay_rank":55.0,"song_project_rank":21.0,"ov_streams_rank":1.0,"song_project":68870.0,"keen":{"timestamp":"July, 22 2016 00:00:00"},"oa_streams_rank":13.0,"shazam_tags":0.0,"disp_date":"07/22/2016","currentRow":68.0,"ov_streams":11365683.0,"shazam_tags_rank":0.0,"p_streams_rank":0.0,"airplay":6102.0,"oa_streams":6646478.0,"artist":"Desiigner","title":"Panda","song_sales_rank":34.0},{"song_sales":26532.0,"airplay_rank":46.0,"song_project_rank":20.0,"ov_streams_rank":1.0,"song_project":75049.0,"keen":{"timestamp":"July, 15 2016 00:00:00"},"oa_streams_rank":10.0,"shazam_tags":0.0,"disp_date":"07/15/2016","currentRow":69.0,"ov_streams":12233717.0,"shazam_tags_rank":0.0,"p_streams_rank":0.0,"airplay":7298.0,"oa_streams":7277502.0,"artist":"Desiigner","title":"Panda","song_sales_rank":31.0},{"song_sales":31993.0,"airplay_rank":34.0,"song_project_rank":11.0,"ov_streams_rank":1.0,"song_project":87367.0,"keen":{"timestamp":"July, 08 2016 00:00:00"},"oa_streams_rank":7.0,"shazam_tags":0.0,"disp_date":"07/08/2016","currentRow":70.0,"ov_streams":12919974.0,"shazam_tags_rank":0.0,"p_streams_rank":0.0,"airplay":8950.0,"oa_streams":8306164.0,"artist":"Desiigner","title":"Panda","song_sales_rank":23.0},{"song_sales":40192.0,"airplay_rank":29.0,"song_project_rank":8.0,"ov_streams_rank":1.0,"song_project":101370.0,"keen":{"timestamp":"July, 01 2016 00:00:00"},"oa_streams_rank":5.0,"shazam_tags":0.0,"disp_date":"07/01/2016","currentRow":71.0,"ov_streams":14690143.0,"shazam_tags_rank":0.0,"p_streams_rank":0.0,"airplay":10262.0,"oa_streams":9176702.0,"artist":"Desiigner","title":"Panda","song_sales_rank":18.0},{"song_sales":51420.0,"airplay_rank":21.0,"song_project_rank":6.0,"ov_streams_rank":1.0,"song_project":117787.0,"keen":{"timestamp":"June, 24 2016 00:00:00"},"oa_streams_rank":4.0,"shazam_tags":0.0,"disp_date":"06/24/2016","currentRow":72.0,"ov_streams":15898873.0,"shazam_tags_rank":0.0,"p_streams_rank":0.0,"airplay":12175.0,"oa_streams":9955049.0,"artist":"Desiigner","title":"Panda","song_sales_rank":13.0},{"song_sales":56119.0,"airplay_rank":14.0,"song_project_rank":7.0,"ov_streams_rank":1.0,"song_project":124601.0,"keen":{"timestamp":"June, 17 2016 00:00:00"},"oa_streams_rank":3.0,"shazam_tags":0.0,"disp_date":"06/17/2016","currentRow":73.0,"ov_streams":15713282.0,"shazam_tags_rank":0.0,"p_streams_rank":0.0,"airplay":14892.0,"oa_streams":10272278.0,"artist":"Desiigner","title":"Panda","song_sales_rank":12.0},{"song_sales":61025.0,"airplay_rank":10.0,"song_project_rank":3.0,"ov_streams_rank":1.0,"song_project":134853.0,"keen":{"timestamp":"June, 10 2016 00:00:00"},"oa_streams_rank":2.0,"shazam_tags":0.0,"disp_date":"06/10/2016","currentRow":74.0,"ov_streams":17025113.0,"shazam_tags_rank":0.0,"p_streams_rank":0.0,"airplay":16616.0,"oa_streams":11074198.0,"artist":"Desiigner","title":"Panda","song_sales_rank":8.0},{"song_sales":67726.0,"airplay_rank":8.0,"song_project_rank":3.0,"ov_streams_rank":1.0,"song_project":148215.0,"keen":{"timestamp":"June, 03 2016 00:00:00"},"oa_streams_rank":2.0,"shazam_tags":0.0,"disp_date":"06/03/2016","currentRow":75.0,"ov_streams":19294394.0,"shazam_tags_rank":0.0,"p_streams_rank":0.0,"airplay":17111.0,"oa_streams":12073313.0,"artist":"Desiigner","title":"Panda","song_sales_rank":9.0},{"song_sales":76829.0,"airplay_rank":10.0,"song_project_rank":3.0,"ov_streams_rank":1.0,"song_project":165623.0,"keen":{"timestamp":"May, 27 2016 00:00:00"},"oa_streams_rank":2.0,"shazam_tags":0.0,"disp_date":"05/27/2016","currentRow":76.0,"ov_streams":20646496.0,"shazam_tags_rank":0.0,"p_streams_rank":0.0,"airplay":16353.0,"oa_streams":13319057.0,"artist":"Desiigner","title":"Panda","song_sales_rank":4.0},{"song_sales":89055.0,"airplay_rank":11.0,"song_project_rank":3.0,"ov_streams_rank":1.0,"song_project":184336.0,"keen":{"timestamp":"May, 20 2016 00:00:00"},"oa_streams_rank":2.0,"shazam_tags":0.0,"disp_date":"05/20/2016","currentRow":77.0,"ov_streams":23777834.0,"shazam_tags_rank":0.0,"p_streams_rank":0.0,"airplay":16027.0,"oa_streams":14292117.0,"artist":"Desiigner","title":"Panda","song_sales_rank":3.0},{"song_sales":92368.0,"airplay_rank":13.0,"song_project_rank":3.0,"ov_streams_rank":1.0,"song_project":186231.0,"keen":{"timestamp":"May, 13 2016 00:00:00"},"oa_streams_rank":2.0,"shazam_tags":0.0,"disp_date":"05/13/2016","currentRow":78.0,"ov_streams":24840179.0,"shazam_tags_rank":0.0,"p_streams_rank":0.0,"airplay":15114.0,"oa_streams":14079523.0,"artist":"Desiigner","title":"Panda","song_sales_rank":3.0},{"song_sales":90182.0,"airplay_rank":16.0,"song_project_rank":3.0,"ov_streams_rank":1.0,"song_project":184241.0,"keen":{"timestamp":"May, 06 2016 00:00:00"},"oa_streams_rank":2.0,"shazam_tags":0.0,"disp_date":"05/06/2016","currentRow":79.0,"ov_streams":23522801.0,"shazam_tags_rank":0.0,"p_streams_rank":0.0,"airplay":13667.0,"oa_streams":14108856.0,"artist":"Desiigner","title":"Panda","song_sales_rank":4.0},{"song_sales":100805.0,"airplay_rank":22.0,"song_project_rank":2.0,"ov_streams_rank":1.0,"song_project":198974.0,"keen":{"timestamp":"April, 29 2016 00:00:00"},"oa_streams_rank":3.0,"shazam_tags":0.0,"disp_date":"04/29/2016","currentRow":80.0,"ov_streams":21615575.0,"shazam_tags_rank":0.0,"p_streams_rank":0.0,"airplay":11650.0,"oa_streams":14725309.0,"artist":"Desiigner","title":"Panda","song_sales_rank":6.0},{"song_sales":100661.0,"airplay_rank":33.0,"song_project_rank":7.0,"ov_streams_rank":1.0,"song_project":200670.0,"keen":{"timestamp":"April, 22 2016 00:00:00"},"oa_streams_rank":2.0,"shazam_tags":0.0,"disp_date":"04/22/2016","currentRow":81.0,"ov_streams":20582087.0,"shazam_tags_rank":0.0,"p_streams_rank":27.0,"airplay":8997.0,"oa_streams":15001330.0,"artist":"Desiigner","title":"Panda","song_sales_rank":13.0},{"song_sales":111285.0,"airplay_rank":44.0,"song_project_rank":1.0,"ov_streams_rank":33.0,"song_project":210673.0,"keen":{"timestamp":"April, 15 2016 00:00:00"},"oa_streams_rank":2.0,"shazam_tags":0.0,"disp_date":"04/15/2016","currentRow":82.0,"ov_streams":2626564.0,"shazam_tags_rank":0.0,"p_streams_rank":76.0,"airplay":7331.0,"oa_streams":14908163.0,"artist":"Desiigner","title":"Panda","song_sales_rank":2.0},{"song_sales":86247.0,"airplay_rank":67.0,"song_project_rank":2.0,"ov_streams_rank":10.0,"song_project":167906.0,"keen":{"timestamp":"April, 08 2016 00:00:00"},"oa_streams_rank":1.0,"shazam_tags":0.0,"disp_date":"04/08/2016","currentRow":83.0,"ov_streams":5335074.0,"shazam_tags_rank":0.0,"p_streams_rank":1065.0,"airplay":5590.0,"oa_streams":12248789.0,"artist":"Desiigner","title":"Panda","song_sales_rank":4.0},{"song_sales":69910.0,"airplay_rank":102.0,"song_project_rank":6.0,"ov_streams_rank":6.0,"song_project":136208.0,"keen":{"timestamp":"April, 01 2016 00:00:00"},"oa_streams_rank":4.0,"shazam_tags":0.0,"disp_date":"04/01/2016","currentRow":84.0,"ov_streams":6071416.0,"shazam_tags_rank":0.0,"p_streams_rank":1457.0,"airplay":4272.0,"oa_streams":9944711.0,"artist":"Desiigner","title":"Panda","song_sales_rank":10.0},{"song_sales":48851.0,"airplay_rank":132.0,"song_project_rank":13.0,"ov_streams_rank":3125.0,"song_project":97179.0,"keen":{"timestamp":"March, 25 2016 00:00:00"},"oa_streams_rank":7.0,"shazam_tags":0.0,"disp_date":"03/25/2016","currentRow":85.0,"ov_streams":143393.0,"shazam_tags_rank":0.0,"p_streams_rank":11328.0,"airplay":3110.0,"oa_streams":7249215.0,"artist":"Desiigner","title":"Panda","song_sales_rank":16.0},{"song_sales":31052.0,"airplay_rank":175.0,"song_project_rank":17.0,"ov_streams_rank":566.0,"song_project":68644.0,"keen":{"timestamp":"March, 18 2016 00:00:00"},"oa_streams_rank":13.0,"shazam_tags":0.0,"disp_date":"03/18/2016","currentRow":86.0,"ov_streams":465410.0,"shazam_tags_rank":0.0,"p_streams_rank":26556.0,"airplay":2228.0,"oa_streams":5638852.0,"artist":"Desiigner","title":"Panda","song_sales_rank":24.0},{"song_sales":22236.0,"airplay_rank":276.0,"song_project_rank":31.0,"ov_streams_rank":3955.0,"song_project":45860.0,"keen":{"timestamp":"March, 11 2016 00:00:00"},"oa_streams_rank":39.0,"shazam_tags":0.0,"disp_date":"03/11/2016","currentRow":87.0,"ov_streams":119888.0,"shazam_tags_rank":0.0,"p_streams_rank":39977.0,"airplay":1503.0,"oa_streams":3543630.0,"artist":"Desiigner","title":"Panda","song_sales_rank":36.0},{"song_sales":13077.0,"airplay_rank":659.0,"song_project_rank":59.0,"ov_streams_rank":4652.0,"song_project":33663.0,"keen":{"timestamp":"March, 04 2016 00:00:00"},"oa_streams_rank":50.0,"shazam_tags":0.0,"disp_date":"03/04/2016","currentRow":88.0,"ov_streams":107507.0,"shazam_tags_rank":0.0,"p_streams_rank":45926.0,"airplay":859.0,"oa_streams":3087966.0,"artist":"Desiigner","title":"Panda","song_sales_rank":77.0},{"song_sales":9933.0,"airplay_rank":991.0,"song_project_rank":74.0,"ov_streams_rank":2091.0,"song_project":27079.0,"keen":{"timestamp":"February, 26 2016 00:00:00"},"oa_streams_rank":61.0,"shazam_tags":0.0,"disp_date":"02/26/2016","currentRow":89.0,"ov_streams":196022.0,"shazam_tags_rank":0.0,"p_streams_rank":92931.0,"airplay":636.0,"oa_streams":2571858.0,"artist":"Desiigner","title":"Panda","song_sales_rank":111.0},{"song_sales":10348.0,"airplay_rank":1513.0,"song_project_rank":78.0,"ov_streams_rank":187.0,"song_project":24378.0,"keen":{"timestamp":"February, 19 2016 00:00:00"},"oa_streams_rank":73.0,"shazam_tags":0.0,"disp_date":"02/19/2016","currentRow":90.0,"ov_streams":924831.0,"shazam_tags_rank":0.0,"p_streams_rank":85934.0,"airplay":437.0,"oa_streams":2104481.0,"artist":"Desiigner","title":"Panda","song_sales_rank":110.0},{"song_sales":4576.0,"airplay_rank":2149.0,"song_project_rank":227.0,"ov_streams_rank":0.0,"song_project":12916.0,"keen":{"timestamp":"February, 12 2016 00:00:00"},"oa_streams_rank":170.0,"shazam_tags":0.0,"disp_date":"02/12/2016","currentRow":91.0,"ov_streams":0.0,"shazam_tags_rank":0.0,"p_streams_rank":125244.0,"airplay":279.0,"oa_streams":1251045.0,"artist":"Desiigner","title":"Panda","song_sales_rank":330.0},{"song_sales":1852.0,"airplay_rank":2813.0,"song_project_rank":615.0,"ov_streams_rank":0.0,"song_project":6185.0,"keen":{"timestamp":"February, 05 2016 00:00:00"},"oa_streams_rank":505.0,"shazam_tags":0.0,"disp_date":"02/05/2016","currentRow":92.0,"ov_streams":0.0,"shazam_tags_rank":0.0,"p_streams_rank":0.0,"airplay":190.0,"oa_streams":649949.0,"artist":"Desiigner","title":"Panda","song_sales_rank":952.0},{"song_sales":1282.0,"airplay_rank":5314.0,"song_project_rank":1392.0,"ov_streams_rank":0.0,"song_project":3250.0,"keen":{"timestamp":"January, 29 2016 00:00:00"},"oa_streams_rank":1499.0,"shazam_tags":0.0,"disp_date":"01/29/2016","currentRow":93.0,"ov_streams":0.0,"shazam_tags_rank":0.0,"p_streams_rank":0.0,"airplay":60.0,"oa_streams":295163.0,"artist":"Desiigner","title":"Panda","song_sales_rank":1376.0},{"song_sales":885.0,"airplay_rank":11606.0,"song_project_rank":3589.0,"ov_streams_rank":0.0,"song_project":1489.0,"keen":{"timestamp":"January, 22 2016 00:00:00"},"oa_streams_rank":5975.0,"shazam_tags":0.0,"disp_date":"01/22/2016","currentRow":94.0,"ov_streams":0.0,"shazam_tags_rank":0.0,"p_streams_rank":187281.0,"airplay":11.0,"oa_streams":90546.0,"artist":"Desiigner","title":"Panda","song_sales_rank":2170.0},{"song_sales":475.0,"airplay_rank":11676.0,"song_project_rank":6502.0,"ov_streams_rank":0.0,"song_project":873.0,"keen":{"timestamp":"January, 15 2016 00:00:00"},"oa_streams_rank":9051.0,"shazam_tags":0.0,"disp_date":"01/15/2016","currentRow":95.0,"ov_streams":0.0,"shazam_tags_rank":0.0,"p_streams_rank":454380.0,"airplay":11.0,"oa_streams":59634.0,"artist":"Desiigner","title":"Panda","song_sales_rank":4842.0},{"song_sales":352.0,"airplay_rank":14203.0,"song_project_rank":9125.0,"ov_streams_rank":0.0,"song_project":625.0,"keen":{"timestamp":"January, 08 2016 00:00:00"},"oa_streams_rank":12806.0,"shazam_tags":0.0,"disp_date":"01/08/2016","currentRow":96.0,"ov_streams":0.0,"shazam_tags_rank":0.0,"p_streams_rank":475778.0,"airplay":7.0,"oa_streams":40917.0,"artist":"Desiigner","title":"Panda","song_sales_rank":6551.0},{"song_sales":284.0,"airplay_rank":14482.0,"song_project_rank":12194.0,"ov_streams_rank":0.0,"song_project":465.0,"keen":{"timestamp":"January, 01 2016 00:00:00"},"oa_streams_rank":18136.0,"shazam_tags":0.0,"disp_date":"01/01/2016","currentRow":97.0,"ov_streams":0.0,"shazam_tags_rank":0.0,"p_streams_rank":502263.0,"airplay":7.0,"oa_streams":27075.0,"artist":"Desiigner","title":"Panda","song_sales_rank":8921.0}]